3424 5188
896 558 914 618 2

339 773 487 835 nituntur
510 775 541 834 et
565 788 646 852 quae
666 789 684 831 a
705 766 910 851 scriptoribus
931 764 1117 848 aequalibus
1137 783 1462 829 noncommemoran-

340 902 401 977 tur,
433 897 527 959 etiam
558 893 772 957 contrahenda
803 891 882 954 mihi
913 909 982 955 esse
1005 891 1076 954 vela
1098 890 1242 953 intellexi
1261 895 1292 953 et
1313 890 1464 952 constitui
1525 890 1528 895 ’

341 1019 484 1098 Caesaris
525 1019 768 1082 commentarios
812 1017 996 1099 praesertim
1031 1016 1274 1078 commentarios
1308 1014 1347 1077 de
1380 1013 1463 1077 bello

340 1145 460 1208 Gallico
495 1145 588 1227 quasi
620 1143 867 1207 fundamentum
900 1142 1096 1224 quaestionis
1128 1159 1198 1204 esse
1230 1144 1380 1222 oportere,
1406 1140 1464 1221 qui

340 1270 449 1352 scripti
472 1274 548 1332 sunt
571 1267 610 1331 ab
635 1287 681 1347 eo,
705 1268 761 1349 qui
783 1286 849 1329 non
872 1265 977 1330 solum
999 1266 1095 1330 rebus
1118 1267 1216 1348 gestis
1234 1264 1387 1347 interfuit,
1408 1265 1464 1329 sed
1531 1317 1534 1324 .

340 1394 433 1459 etiam
456 1393 598 1476 praefuit.
623 1393 685 1456 Sed
707 1412 772 1455 una
794 1383 973 1472 res'obstat
995 1410 1108 1474 nempe
1128 1391 1286 1473 judicium
1310 1390 1463 1453 Pollionis

339 1519 378 1581 de
401 1518 543 1582 Caesaris
566 1518 810 1598 commentariis,
831 1517 916 1600 quod
935 1519 1099 1580 invenitur
1117 1516 1202 1600 apud
1222 1483 1412 1580 Suetonium
1429 1517 1463 1577 in

339 1645 405 1706 vita
445 1642 587 1706 Caesaris
621 1661 686 1725 cap.
723 1641 781 1702 56:
820 1641 946 1722 „Pollio
981 1641 1115 1704 Asinius
1149 1661 1263 1724 parum
1298 1620 1464 1723 diligenter

340 1786 518 1851 parumque
540 1768 664 1849 integra
686 1767 817 1830 veritate
840 1767 1031 1849 compositos
1054 1771 1152 1849 putat,
1172 1785 1247 1828 curn
1267 1764 1382 1828 Caesar
1398 1765 1463 1847 ple·

340 1911 440 1974 raque
474 1897 505 1955 et
539 1910 621 1974 quae
653 1910 710 1974 per
740 1891 819 1955 alios
850 1896 940 1954 erant
969 1895 1058 1974 gesta
1087 1897 1204 1955 temere
1234 1890 1401 1954 crediderit
1433 1896 1463 1954 et

341 2035 423 2098 quae
453 2035 510 2099 per
541 2036 584 2098 se,
613 2016 665 2079 vel
688 2016 831 2079 consulto
854 2017 906 2080 vel
930 2017 1025 2080 etiam
1048 2018 1201 2080 memoria
1222 2018 1332 2100 lapsus
1355 2035 1463 2101 perpe-

341 2162 410 2204 ram
453 2142 602 2206 ediderit:
645 2143 871 2224 existimatque
912 2143 1141 2225 rescripturum
1181 2147 1213 2205 et
1247 2147 1462 2206 correcturum

340 2265 469 2330 fuisse.'’
493 2265 541 2330 De
565 2286 628 2349 quo
647 2266 768 2348 judicio
790 2267 880 2349 prius
900 2285 1002 2350 pauca
1021 2267 1132 2329 dicam.
1152 2266 1298 2330 Primum
1318 2267 1378 2330 hoc
1397 2288 1463 2331 mo-

343 2411 418 2456 nere
452 2391 522 2455 volo
552 2391 633 2454 illud
665 2392 917 2473 „existimatque
943 2392 1171 2474 rescriptmum
1195 2397 1225 2455 et
1248 2398 1463 2456 correcturum

344 2515 465 2580 fuisse’'
500 2517 665 2599 perspicue
701 2516 917 2580 demonstrare
946 2515 1124 2579 Pollionem
1153 2536 1218 2580 non
1248 2519 1402 2600 cogitasse
1425 2519 1463 2582 de

340 2642 412 2704 dolo
442 2641 526 2704 malo
558 2640 700 2704 Caesaris
723 2643 757 2703 in
780 2643 912 2705 veritate
935 2641 1072 2705 celanda.
1095 2640 1219 2706 Deinde
1242 2642 1369 2706 afferam
1393 2653 1463 2706 sen·

339 2768 472 2830 tentiam
495 2765 533 2828 V.
558 2765 602 2828 Cl.
625 2765 654 2828 J.
674 2765 703 2828 J.
728 2765 929 2829 Cornelissen
951 2766 989 2847 1),
1010 2766 1066 2848 qui
1082 2786 1195 2849 parurn
1206 2765 1367 2849 probabile
1379 2769 1463 2830 exis-

338 2894 429 2956 timat
453 2913 526 2956 eum
551 2891 610 2956 sub
635 2891 768 2956 Caesare
789 2892 824 2954 111
847 2891 950 2954 Callia
972 2892 1136 2973 meruisse,
1159 2892 1246 2974 quod
1266 2894 1478 2975 argumentis·

338 3020 383 3082 ita
403 3017 522 3101 probat.
550 3017 656 3099 „Ejus
679 3018 764 3080 enirn
784 3019 818 3079 in
839 3016 941 3080 Callia
959 3017 1091 3080 militiae
1109 3037 1240 3100 prorsus
1258 3018 1347 3080 nulla
1359 3023 1463 3083 exstat

339 3143 491 3207 memoria
524 3147 556 3206 et
586 3147 669 3207 certe
699 3161 765 3204 non
794 3161 864 3205 eam
894 3143 1072 3206 reticuisset
1100 3143 1135 3205 in
1158 3143 1290 3226 epistola
1312 3144 1375 3226 illa,
1400 3164 1463 3227 qua

337 3268 481 3332 Ciceroni
513 3267 690 3348 declaravit,
721 3287 780 3330 cur
809 3268 844 3330 in
867 3267 949 3332 bello
973 3268 1059 3331 civili
1082 3267 1224 3332 Caesaris
1245 3274 1368 3352 partem
1392 3290 1459 3333 am-

339 3395 455 3478 plexus
489 3398 572 3457 esset
603 3395 642 3474 2).
678 3393 780 3456 Immo
815 3412 890 3457 vero
922 3413 964 3457 ex
994 3394 1126 3477 epistola
1154 3394 1209 3458 illa
1236 3395 1463 3480 multomagis

340 3524 446 3602 patere
471 3518 550 3580 mihi
574 3518 708 3598 videtur,
728 3518 879 3580 Asinium
900 3517 974 3582 belli
986 3519 1088 3582 civilis
1100 3521 1190 3582 initio
1202 3519 1328 3584 Caesari
1344 3522 1462 3601 „modo

340 3643 525 3726 cognitum'’
549 3649 627 3707 tunc
650 3644 780 3707 demum
803 3645 873 3725 ejus
897 3649 1000 3707 castra
1022 3649 1168 3708 secutum
1191 3664 1268 3709 esse.
1288 3645 1356 3709 Nec
1375 3664 1463 3710 meae

341 3771 482 3853 opinioni
512 3769 623 3851 obstat,
652 3769 738 3852 quod
762 3789 836 3832 cum
860 3769 992 3833 Caesare
1012 3770 1073 3833 fuit
1095 3769 1270 3834 Rubiconis
1294 3749 1462 3836 1111111111

375 4099 399 4164 1)
417 4099 452 4148 Dc
475 4098 576 4162 jndicio,
602 4101 666 4165 quod
691 4101 720 4150 de
744 4101 771 4151 C.
797 4103 860 4152 Julii
887 4103 996 4154 Caesaris
1019 4103 1065 4152 fide
1089 4104 1210 4155 historica
1234 4105 1461 4156 calumniatus

341 4191 431 4240 Pollio.
451 4191 479 4240 L.
497 4191 525 4241 B.
545 4192 610 4241 1864
627 4209 651 4257 p.
672 4196 694 4243 5.

376 4282 402 4348 2)
418 4282 470 4332 Cic.
487 4282 593 4338 addam.
612 4284 641 4333 X.
659 4285 700 4333 311
