3424 5188
803 537 842 598 21

258 751 383 824 Κοιῖοοιρ,
407 742 459 806 nal
484 743 627 824 φοβηθεὶς
651 744 703 817 τήν
726 769 760 808 τε
781 745 870 826 ὁρμὴν
890 748 984 810 αὐτῶν
1004 746 1058 810 acl
1075 748 1108 811 τὸ
1127 749 1245 820 πλῆθος,
1267 749 1306 828 τῷ
1324 749 1379 826 μὲν
1412 770 1413 774 ’

236 867 334 948 ’πεζῷ
358 869 426 948 πρὸς
450 867 589 948 μετέωρόν
612 893 640 932 τι
665 866 788 949 ὥρμησε,
813 869 879 960 τοὺς
900 871 931 934 δὲ
950 869 1059 943 ἱππέοις
1072 869 1251 952 προεβιέλετο
1265 895 1377 952 προκιν-

256 993 389 1056 δυνεῦσαι
413 999 513 1072 σφισιν
536 1000 612 1058 sunt
634 995 731 1058 verba
753 994 887 1076 Dionus
911 997 988 1060 dum
1014 995 1127 1061 Caesar
1152 999 1181 1078 1)
1206 998 1244 1060 de
1269 999 1378 1062 eadem

255 1140 289 1184 re
311 1122 356 1184 ita
379 1122 470 1184 dicit:
499 1121 701 1204 „Postquam
723 1122 755 1184 id
780 1123 1010 1203 animadvertit,
1036 1124 1142 1205 copias
1166 1143 1240 1186 suas
1265 1121 1379 1186 Caesar

254 1247 288 1307 in
318 1247 503 1328 proximum
536 1247 647 1309 collem
679 1245 828 1310 subducit
856 1248 1106 1329 equitatumque,
1129 1249 1185 1329 qui
1208 1249 1379 1311 sustineret

254 1370 397 1433 hostium
430 1371 595 1453 impetum,
626 1370 744 1434 misit.''
776 1371 913 1435 Prorsus
942 1372 1026 1435 idem
1059 1377 1107 1435 est
1136 1377 1259 1454 praeter
1281 1371 1402 1466 verba¹

255 1493 307 1559 κοιὶ
331 1494 475 1576 Φοβηθεὶς
498 1496 551 1569 τήν
573 1520 606 1569 τε
629 1495 718 1576 ὁρμὴν
742 1497 838 1559 αὐτῶν
857 1495 909 1559 κοιὶ
930 1496 962 1559 τὸ
982 1497 1100 1568 πλῆθος,
1122 1516 1203 1580 quae
1215 1495 1276 1560 Dio
1290 1497 1377 1560 addi-

255 1622 309 1702 dit,
344 1623 420 1705 quia
453 1621 537 1704 apud
572 1626 671 1685 semet
704 1623 810 1704 ipsum
840 1623 884 1684 ita
915 1623 1080 1705 cogitavit:
1114 1619 1219 1696 Quare
1249 1621 1377 1684 tandem

259 1747 372 1811 Caesar
393 1747 497 1810 neluit
518 1749 558 1809 in
572 1747 703 1829 planitie
722 1767 863 1830 pugnam
883 1747 1103 1810 committere?
1124 1744 1253 1808 Dicam:
1275 1743 1375 1824 φοβη-

255 1871 310 1943 θεὶς
342 1870 395 1944 τήν
412 1894 459 1954 τε
490 1869 578 1949 ὁρμὴν
608 1871 704 1932 ababa
733 1867 784 1932 κοιὶ
816 1869 849 1932 τὸ
879 1870 995 1942 πλῆθος.
1022 1868 1111 1945 Quae
1135 1875 1315 1952 sequuntur
1338 1870 1376 1932 de

253 1996 372 2080 proelio
402 1997 485 2058 inter
516 1993 680 2058 Caesarem
712 1999 742 2058 et
771 1995 935 2058 Helvetios
957 2015 1022 2058 nen
1045 2000 1110 2058 tam
1134 1999 1279 2058 accurate
1302 2013 1376 2056 con-

255 2120 405 2184 sentiunt.
449 2119 670 2182 Helvetiorum
712 2121 838 2203 agmine
878 2119 1041 2202 perfracte,
1080 2119 1301 2202 Helvetiisque
1326 2121 1376 2181 -in

252 2245 362 2328 fugam
393 2245 550 2326 can'ectis,
580 2242 750 2325 Romanas,
782 2245 837 2326 qui
868 2263 921 2307 ces
949 2238 1107 2326 persecuti
1131 2249 1215 2324 sunt,
1239 2244 1374 2306 circum-

253 2375 410 2433 venerunt
441 2369 503 2450 alii,
535 2371 591 2451 qui
618 2388 683 2431 nen
706 2373 926 2451 pugnaverant
949 2365 1016 2449 (ὑπό
1039 2391 1072 2430 τε
1094 2365 1151 2446 γὰρ
1173 2372 1224 2430 τοῦ
1248 2366 1374 2439 πλήθους

253 2491 304 2556 uel
329 2494 384 2557 ὑπὸ
407 2500 461 2566 τῆς
484 2493 612 2566 σπουδῆς
636 2493 667 2556 οὐ
692 2490 802 2563 πάντες
825 2489 894 2569 ἄριοι
917 2491 1128 2574 παρεγένοντο).
1149 2490 1213 2567 Qui
1230 2493 1283 2555 alii
1301 2513 1375 2555 auc-

251 2624 318 2682 tore
342 2617 473 2682 Caesare
493 2621 523 2700 2)
546 2619 678 2682 bierunt
700 2617 772 2680 Boii
794 2623 825 2681 et
845 2617 982 2700 Tulingi,
1008 2666 1023 2698 ,‚
1036 2619 1092 2701 qui
1111 2618 1278 2680 hominum
1290 2617 1373 2679 mili-

251 2743 311 2806 bus
337 2745 461 2807 circiter
481 2743 545 2806 XV
565 2762 679 2826 agmen
691 2744 832 2806 hostium
845 2743 1033 2807 claudebant
1046 2748 1076 2806 et
1087 2743 1270 2806 novissimis
1283 2761 1372 2826 prae-

250 2869 330 2932 sidio
351 2873 447 2932 erant.
468 2867 629 2931 Romanos
649 2869 745 2931 latere
765 2874 871 2951 aperte
891 2869 1033 2952 aggressi
1045 2872 1129 2948 sunt,
1142 2869 1219 2931 dum
1230 2867 1371 2931 Helvetii

173 2979 175 2982 ⁵
248 2996 282 3058 id
312 2996 484 3077 conspicati
514 3014 627 3057 rursus
654 2996 772 3058 instare
795 2999 825 3057 et
846 2995 1003 3078 proelium
1026 2994 1239 3078 redintegrare
1263 3012 1372 3076 coepe-

247 3127 330 3186 runt.
361 3121 498 3186 Romani
528 3141 681 3186 conversa
711 3122 802 3205 signa
823 3120 970 3204 bipartito
994 3120 1188 3184 intulerunt:
1214 3121 1317 3202 prima
1338 3139 1374 3182 ac

249 3248 399 3322 secunda¹
417 3249 508 3328 acies⁷
538 3252 575 3310 ut
603 3247 697 3310 victis
728 3266 765 3309 ac
795 3245 951 3310 submotis
981 3247 1172 3326 resisterent,
1203 3246 1304 3325 tertia,
1334 3249 1371 3307 ut

248 3374 413 3436 venientes
444 3371 643 3436 sustineret.'’
675 3371 780 3455 Igitur
806 3372 927 3454 pedites
951 3371 1045 3434 modo
1070 3375 1101 3434 et
1123 3374 1233 3433 centra
1254 3369 1371 3432 Helue

248 3498 309 3560 ties
345 3502 375 3560 et
409 3502 518 3559 contra
547 3496 644 3579 Bejcs
675 3501 706 3559 et
735 3494 888 3578 Tulinges
917 3494 1111 3578 pugnabant,
1135 3495 1211 3557 dum
1235 3492 1297 3558 Die
1320 3494 1370 3556 his

247 3621 352 3685 verbis
383 3622 466 3684 hanc
496 3626 617 3704 partem
639 3621 750 3704 proelii
773 3621 954 3703 descripsit:
979 3617 992 3681 ὁ
1015 3617 1072 3698 γὰρ
1098 3625 1209 3698 Κοιῖοοιρ
1232 3624 1294 3689 τοῖς
1318 3617 1367 3680 ι’π-

246 3749 332 3807 πεῦσι
362 3743 429 3816 τοὺς
459 3743 627 3824 φεύγοντος
658 3739 826 3822 προοτοὶξοις
856 3743 943 3814 ιιύτὸς
975 3744 1015 3822 τῷ
1044 3743 1181 3821 ὁπλιτικῷ
1205 3742 1272 3821 πρὸς
1296 3741 1369 3804 ἐκεί-

248 3892 310 3940 νους
344 3867 486 3948 ἐτράπετο
519 3866 570 3931 κοιὶ
605 3867 755 3947 κρατήσεις
788 3866 856 3947 πρός
888 3891 921 3930 τε
951 3865 1006 3938 τοὶς
1036 3863 1161 3943 aptius
1191 3864 1370 3946 ἀμφοτέροις

246 4046 391 4055 ——

280 4165 302 4224 1)
321 4163 357 4210 ue
375 4163 402 4210 s.
421 4163 450 4210 e.
469 4163 488 4210 1.
508 4164 547 4212 ιο.

280 4253 610 4314 amnsnmm
