3424 5188
758 573 802 651 ,29

228 783 342 846 defessi
370 788 407 846 ut
438 803 632 865 quamquam
656 782 770 846 volunt
791 801 832 845 ne
853 782 964 865 fugere
989 783 1118 865 quidem
1138 783 1268 865 possint.
1291 781 1348 844 Ta-

229 926 303 970 men
324 907 514 991 phalangem
536 907 658 971 faciunt
681 911 712 972 et
732 905 885 971 Romanis
906 909 1069 970 resistunt,
1093 905 1215 982 Quodsi
1238 906 1349 970 Caesa·

228 1052 296 1097 rem
324 1035 493 1098 audiamus
515 1035 607 1097 initio
630 1052 757 1118 pugnae
779 1033 965 1116 phalangem
989 1033 1133 1096 fecerunt
1155 1052 1261 1116 neque
1283 1053 1349 1096 ma·

228 1159 325 1222 nibus
355 1164 386 1222 et
409 1179 461 1222 ore
485 1159 539 1223 sed
562 1159 675 1243 gladiis
698 1164 899 1242 pugnarunt:
924 1158 1084 1242 „Rejectis
1106 1159 1179 1242 pilis
1203 1161 1349 1222 cominus

228 1285 342 1368 gladiis
371 1289 549 1367 pugnatum
572 1289 627 1347 est.
651 1286 695 1347 At
719 1283 868 1347 Germani
891 1283 1033 1347 celeriter
1054 1303 1096 1347 ex
1119 1283 1350 1347 consuetudine

229 1429 288 1472 sua
320 1409 476 1493 phalange
506 1409 588 1472 facta
621 1411 759 1493 impetus
792 1409 971 1492 gladiorum
1005 1407 1229 1493 exceperunt.''
1262 1405 1350 1504 Quae

229 1532 291 1596 Dio
320 1535 354 1596 in
378 1535 523 1617 sequenti
546 1536 647 1617 capite
669 1534 707 1597 de
730 1534 842 1597 ultima
863 1539 952 1617 parte
974 1553 1101 1618 pugnae
1124 1538 1232 1597 narrat
1254 1533 1349 1597 etiam

230 1661 339 1723 minus
366 1679 441 1722 oum
473 1658 604 1724 Caesare
636 1660 847 1722 consentiunt.
878 1657 926 1722 De
957 1659 1107 1722 omnibus
1137 1658 1243 1739 rebus
1269 1675 1349 1740 quas

230 1784 291 1848 Dio
321 1789 428 1848 narrat
458 1784 572 1849 Caesar
602 1803 642 1848 ne
672 1785 807 1849 verbnm
839 1786 968 1868 quidem
991 1786 1074 1849 dicit.
1099 1784 1160 1848 Sed
1184 1786 1251 1848 sive
1273 1785 1352 1848 haec

229 1908 303 1972 ficta
320 1914 410 1990 sunt,
434 1911 501 1973 sive
522 1929 564 1973 ex
588 1910 648 1972 alio
673 1910 811 1993 quodam
835 1912 985 1993 scriptore
1009 1910 1164 1993 descripta
1187 1929 1252 1972 non
1276 1913 1353 1972 sunt

230 2036 339 2118 magni
369 2036 530 2115 momenti,
561 2039 593 2098 et
621 2036 754 2099 minoris
784 2035 922 2119 profecto
952 2035 1102 2118 ponderis
1131 2055 1228 2117 quam
1250 2049 1352 2117 pauca

230 2161 293 2242 illa,
317 2181 400 2244 quae
427 2160 541 2224 anrar
565 2161 603 2224 de
626 2165 691 2225 toto
714 2161 774 2224 hoc
796 2162 914 2243 proelio
938 2161 1040 2224 refert.

275 2285 412 2350 Transeo
440 2287 507 2367 jam
538 2287 577 2348 ad
608 2287 741 2349 alterum
774 2285 886 2349 Gallici
916 2285 990 2350 belli
1021 2306 1142 2350 annum
1171 2287 1211 2348 ad
1234 2285 1353 2349 librum

232 2410 345 2476 Dionis
386 2412 536 2474 historiae
576 2411 953 2495 undequadragesimum.
988 2410 1048 2475 Dio
1090 2417 1197 2475 narrat
1237 2412 1353 2496 Belgas

234 2536 413 2599 societatem
443 2536 541 2598 inissa
571 2539 757 2616 metuentes,
785 2553 826 2599 ne
855 2535 968 2599 Caesar
992 2536 1122 2600 subacta
1143 2556 1244 2619 paene
1267 2538 1354 2600 omni

234 2659 334 2723 Gallia
366 2661 452 2742 ipsos
487 2659 663 2723 adoriretur
693 2660 732 2742 l),
763 2662 903 2724 societati
934 2661 1122 2743 praefecisse
1151 2681 1257 2744 regem
1282 2661 1354 2724 Gal-

232 2785 306 2848 bam
330 2787 360 2867 2)
392 2787 430 2865 (si
455 2786 584 2868 quidem
607 2785 681 2849 licet
704 2793 848 2848 ΑΔΡΑΝ
871 2789 905 2848 in
930 2793 1099 2850 ΓΑΑΒΑΝ
1123 2787 1301 2867 emendare)
1324 2791 1356 2850 et

233 2907 399 2972 Gaesarem
426 2910 464 2972 de
485 2909 535 2972 his
558 2909 654 2974 rebus
678 2912 843 2974 certiorem
867 2930 936 2975 esse
958 2911 1078 2975 factum
1101 2932 1119 2974 a
1141 2910 1259 2993 Remis
1279 2913 1355 2975 civi-

231 3041 294 3100 tate
327 3035 439 3118 Belgii,
473 3054 554 3118 quae
587 3036 656 3098 sola
688 3055 754 3098 non
784 3055 859 3100 curn
889 3037 1021 3119 reliquis
1049 3036 1158 3120 Belgis
1183 3013 1352 3101 consensit.

233 3161 322 3224 Haec
344 3161 456 3223 eodom
480 3160 574 3223 modo
598 3161 684 3242 apud
704 3159 868 3224 Caesarem
889 3166 1070 3242 occurrunt,
1090 3161 1202 3224 ultimo
1215 3166 1355 3245 excepta.

235 3284 349 3349 Caesar
379 3287 464 3348 enim
495 3285 571 3348 dicit
595 3285 625 3366 3)
658 3305 691 3349 se
713 3283 952 3348 Senonibus
975 3286 1245 3369 reliquisque
1270 3285 1357 3348 Gal-

234 3411 305 3494 lis,
329 3413 384 3494 qui
406 3411 534 3474 finitimi
556 3409 665 3494 Belgis
688 3415 777 3474 orant
799 3412 964 3494 negotium
987 3411 1120 3493 dedisse,
1142 3412 1191 3475 uti
1210 3430 1255 3492 aa,
1276 3429 1357 3493 quaa

235 3536 320 3618 apud
343 3555 397 3599 eos
418 3541 579 3619 gerantur,
603 3541 795 3619 cognoscant
818 3553 916 3624 seque
940 3536 1050 3600 dehis
1073 3534 1169 3600 rebus
1193 3537 1357 3599 certiorem

233 3661 357 3723 faciant.
382 3659 426 3722 Hi
449 3666 630 3725 constanter
653 3681 763 3725 omnes
787 3665 1007 3724 nuntaverunt
1027 3680 1143 3724 manus
1167 3661 1246 3743 cogi,
1265 3643 1355 3724 arrer-

235 3787 334 3849 citum
357 3786 392 3848 in
414 3805 517 3849 unum
538 3786 647 3850 locum
665 3786 809 3849 conduci.
829 3783 922 3849 Remi
943 3791 1013 3848 tum
1033 3786 1162 3849 demum
1175 3786 1356 3848 societatem

234 3930 309 3974 cum
331 3909 463 3974 Caesare
485 3911 635 3994 inierunt,
654 3931 757 3994 quum
776 3930 851 3975 oum
873 3913 1016 3976 exercitu
1036 3911 1076 3974 ad
1092 3909 1172 3974 fines
1184 3909 1356 3994 Belgarum

239 4053 386 4063 .—

271 4119 617 4180 lfflmmflffisth

270 4211 540 4278 QMRQRAE

271 4303 540 4371 &MRQHB
