3424 5188
773 584 812 644 77

226 789 326 860 causa
355 797 423 859 sive
456 813 531 858 vera
560 796 636 858 sive
658 793 737 857 falsa
768 813 786 856 a
816 791 920 856 Dione
949 792 1097 876 fingitur;
1130 811 1222 875 saepe
1253 793 1349 856 etiam

226 922 254 984 si
287 939 417 983 causam
449 939 467 982 a
501 918 633 983 Caesare
667 918 788 981 dictum
820 937 887 980 non
916 916 1121 980 verisimilem
1150 920 1249 999 putat,
1280 916 1348 998 ipse

226 1045 356 1110 alteram
396 1044 490 1128 plane
534 1044 693 1107 diversam
726 1046 840 1124 namet,
874 1061 1012 1125 quarum
1044 1061 1153 1106 rerum
1186 1040 1349 1124 complura

226 1170 372 1254 exempla
405 1172 439 1233 in
468 1171 572 1253 priore
602 1170 703 1252 capite
736 1169 946 1231 inveniuntur
965 1168 1003 1247 1).
1026 1166 1138 1230 Unum
1161 1171 1192 1230 et
1213 1166 1350 1230 alterum

226 1294 409 1378 exemplum
443 1294 495 1356 hic
528 1293 663 1357 afferam.
697 1292 805 1356 Tradit
839 1291 900 1356 Dio
935 1291 1071 1356 Nervios
1104 1297 1192 1356 trans
1226 1291 1349 1356 flumen

227 1419 334 1483 Sabim
365 1419 546 1484 consedisse
576 1424 607 1483 et
630 1437 672 1482 ex
695 1419 824 1502 planitie
848 1417 1017 1498 desedisse,
1040 1417 1126 1500 quod
1149 1418 1286 1500 impares
1309 1417 1348 1479 ad

227 1564 368 1628 pugnam
401 1543 541 1624 fuerunt,
575 1563 676 1626 quum
706 1561 741 1606 re
764 1561 839 1606 vera
861 1543 921 1605 hoc
943 1541 1094 1623 fecerunt,
1119 1541 1205 1624 quod
1226 1542 1261 1603 in
1283 1541 1348 1623 pla-

226 1672 305 1734 nitie
326 1689 468 1752 pugnam
488 1670 684 1732 committere
703 1689 778 1732 cum
791 1666 934 1731 Caesaris
946 1669 1091 1750 equitatu
1102 1685 1168 1729 non
1180 1665 1347 1729 audebant.

272 1795 345 1858 Alio
368 1796 437 1858 loco
460 1794 622 1858 contendit
644 1793 784 1858 Venetos
805 1794 885 1857 velis
908 1813 950 1858 ex
972 1793 1109 1877 pellibus
1128 1793 1186 1875 uti,
1206 1796 1243 1856 ut
1261 1794 1350 1856 venti

228 1921 292 1983 rim
314 1921 416 2003 magis
432 1921 622 2002 exciperent,
635 1920 720 2002 qued
733 1939 829 2002 quam
840 1919 975 1983 stultum
988 1923 1036 1982 est
1048 1919 1273 2001 unusquisque
1286 1923 1350 1982 sta·

228 2046 285 2108 tim
307 2044 469 2127 intellegit.
481 2025 590 2127 'Apud
610 2042 775 2108 Caesarem
796 2046 827 2125 2)
847 2048 954 2107 antem
973 2043 1092 2127 legerat
1111 2061 1165 2106 eos
1177 2042 1350 2106 hocfacere

230 2169 289 2232 sivi
322 2168 381 2229 lini
413 2167 529 2250 inopia
553 2169 619 2232 sive
643 2168 729 2251 quod
750 2168 821 2232 vela
843 2187 885 2232 ex
906 2168 972 2232 lino
996 2167 1137 2232 confecta
1160 2172 1265 2232 tantos
1288 2169 1348 2230 im·

228 2297 320 2376 petus
353 2297 522 2356 ventorum
557 2294 714 2356 sustinere
747 2312 813 2356 non
846 2298 1007 2376 poterant3
1043 2293 1098 2357 sed
1129 2292 1255 2357 Caesari
1284 2312 1350 2355 non

229 2417 362 2481 credidit
384 2422 416 2480 et
439 2437 543 2482 errare
565 2418 678 2481 maluit
700 2438 798 2501 quam
820 2438 893 2482 oum
917 2417 1049 2482 Caesare
1072 2437 1147 2482 vera
1169 2417 1302 2482 tradere.

274 2542 316 2604 4⁰.
341 2540 460 2617 Quarta
492 2561 588 2606 causa
617 2542 696 2607 haee
725 2562 794 2608 esse
827 2544 962 2624 videtur,
984 2544 1071 2626 quod
1094 2547 1208 2606 natura
1227 2547 1258 2607 et
1282 2548 1348 2606 stu·

230 2667 281 2730 dio
323 2671 427 2730 orator
467 2672 540 2730 erat.
584 2666 672 2730 Nihil
713 2670 760 2732 ei·
783 2673 831 2733 sat
863 2669 1035 2752 pulchrum
1070 2672 1166 2750 atque
1201 2673 1349 2732 ornatum

230 2793 350 2857 dictum
397 2813 467 2857 esse
512 2792 687 2876 videbatur,
729 2797 835 2858 omnia
885 2795 1071 2859 calamistris
1113 2797 1181 2859 suis
1223 2796 1351 2858 inurere

229 2917 362 2982 volebat.
396 2918 544 3001 Exempli
577 2921 678 3002 gratia
711 2923 747 2983 in
776 2922 963 2985 memoriam
994 2940 1106 2986 revoco
1129 2921 1350 2985 stultissimam

230 3046 412 3125 orationem,
445 3063 541 3126 quam
575 3043 739 3109 Caesarem
773 3045 970 3110 Vesontione
999 3047 1139 3111 inbelle
1163 3066 1238 3112 cum
1259 3047 1352 3109 Ario-

229 3171 311 3233 visto
342 3170 427 3253 apud
460 3171 662 3234 centuriones
691 3176 722 3234 et
756 3171 903 3236 tribunos
934 3172 1071 3236 militum
1095 3173 1245 3237 habuisse
1268 3173 1352 3254 dicit,

230 3315 332 3379 quum
353 3295 477 3378 ingenti
498 3296 706 3380 magnitidine
729 3296 961 3362 Germanorum
985 3304 1016 3363 et
1033 3299 1212 3364 incredibili
1234 3301 1352 3364 virtute

230 3425 327 3504 atque
356 3422 582 3485 exercitatione
603 3422 638 3484 in
661 3424 757 3487 armis
780 3443 799 3486 a
820 3424 1048 3489 mercatoribus
1073 3424 1171 3490 Gallis
1194 3427 1350 3490 nuntiatis

230 3544 386 3628 perterriti
427 3549 540 3609 essent.
587 3544 805 3611 Commemore
841 3548 1083 3632 descriptionem
1117 3569 1244 3634 pugnae
1278 3569 1352 3614 cum

230 3671 391 3734 Ariovisto
411 3675 506 3754 atque
523 3691 650 3756 pugnae
669 3673 791 3738 navalis
814 3693 889 3738 cum
912 3673 1052 3757 Venetis,
1072 3675 1111 3740 de
1123 3675 1242 3758 quibus
1254 3675 1351 3739 rebus

229 3798 261 3858 et
287 3794 327 3859 de
355 3795 520 3860 nonnullis
543 3797 613 3860 aliis
636 3797 779 3879 ejusdem
800 3799 926 3881 generis
946 3800 1012 3881 jam
1035 3817 1133 3883 supra
1157 3801 1187 3882 3)
1211 3800 1288 3882 dixi,
1311 3805 1351 3864 ut

236 4009 381 4017 ..ὴ-

267 4149 291 4208 1)
311 4147 364 4197 vid.
381 4147 454 4210 hujus
470 4147 527 4196 diss.
546 4164 599 4212 pag.
618 4149 657 4206 32,
677 4149 716 4206 lo,
735 4149 773 4206 22,
795 4149 840 4208 23,
856 4150 889 4197 al.

267 4237 293 4300 2)
314 4237 350 4286 Dc
370 4238 396 4286 B.
413 4238 443 4287 G.
462 4238 508 4286 111.
530 4239 569 4286 13.

270 4329 297 4392 8>
318 4327 369 4378 Vid.
388 4327 460 4390 hujus
478 4328 534 4380 diss.
553 4345 607 4394 pag.
626 4328 666 4388 27,
685 4331 725 4389 38,
743 4330 775 4378 al.
