3424 5188
804 578 845 642 63

264 795 394 858 Avarici
424 792 622 856 obsidionem
652 792 806 856 suadente
828 791 1088 874 Vercingetorige
1109 790 1229 854 factum
1254 794 1308 854 est.
1333 791 1387 853 ln-

265 923 332 985 rito
354 919 614 1002 Vercingetorige
639 918 743 982 solum
766 918 940 981 Avaricum
965 916 1091 981 defendi
1111 918 1232 1000 placuit
1257 918 1295 998 i).

309 1046 350 1109 In
383 1045 483 1129 capite
519 1045 560 1106 35
594 1042 655 1106 Dio
690 1048 805 1125 narrat,
840 1062 922 1126 quae
954 1047 1026 1126 post
1055 1043 1227 1105 Avaricum
1261 1047 1389 1125 captum

265 1190 370 1255 usque
400 1171 440 1234 ad
472 1169 646 1252 Gergoviae
677 1168 873 1232 obsidionem
901 1168 983 1232 facta
1007 1173 1091 1251 sunt,
1113 1169 1147 1230 in
1171 1169 1288 1252 quibus
1310 1168 1389 1231 nihil

266 1297 398 1361 omnino
433 1315 452 1358 a
483 1293 616 1358 Caesare
649 1295 679 1374 2)
712 1293 822 1375 differt,
853 1298 1073 1376 praeterquam
1107 1293 1193 1376 quod
1216 1293 1292 1356 dicit
1315 1313 1390 1356 eum
1489 1360 1491 1364 ,

264 1420 388 1484 ratibus
411 1419 531 1483 flumen
555 1418 671 1483 Elaver
691 1418 860 1500 trajecisse,
884 1438 986 1501 quum
1010 1416 1124 1480 Caesar
1146 1418 1215 1500 ipse
1237 1418 1332 1481 tradit
1356 1438 1391 1482 se

266 1544 307 1608 ad
326 1544 448 1608 flumen
470 1543 692 1626 trajiciendum
715 1543 816 1606 isdem
841 1542 981 1624 sublicio,
1005 1562 1143 1627 quarum
1166 1562 1239 1626 pars
1261 1543 1391 1606 inferior

266 1671 390 1754 integra
419 1673 621 1751 remanserat,
651 1668 799 1732 refecisse
830 1688 933 1731 unum
956 1687 998 1732 ex
1021 1668 1182 1751 pontibus,
1207 1688 1286 1752 quos
1310 1669 1391 1733 Ver·

268 1796 446 1878 cingetorix
475 1794 694 1877 interruperat
723 1791 926 1877 Quamquam
948 1813 1014 1856 non
1037 1795 1215 1877 estmagni
1238 1797 1391 1859 momenti

268 1921 468 2004 neglegentia
490 1917 603 1982 Dionis
626 1938 668 1982 ex
691 1919 848 2001 ejusmodi
870 1918 1030 1982 erroribus
1053 1925 1188 2002 apparet.

315 2043 387 2128 Cap.
424 2043 464 2107 36
496 2041 534 2107 de
563 2041 737 2126 Gergoviae
768 2042 931 2106 obsidione
962 2045 1035 2126 agit,
1066 2045 1101 2106 in
1124 2063 1187 2126 quo
1211 2043 1348 2107 multum
1374 2064 1393 2107 a

271 2168 403 2234 Caesare
427 2167 538 2250 diflert,
562 2168 618 2231 sed
639 2167 790 2251 pleraque
812 2169 847 2230 in
868 2167 928 2229 hoc
951 2167 1136 2251 capitatam
1164 2173 1240 2231 sunt
1260 2168 1392 2232 confusa

270 2299 302 2358 et
324 2293 469 2375 obscura,
491 2297 527 2356 ut
550 2312 625 2356 cum
644 2293 878 2356 commentariis
897 2293 955 2355 vix
975 2293 1150 2375 comparari
1161 2294 1290 2376 possint.
1304 2291 1393 2368 Quae

275 2420 351 2484 dicit
381 2420 419 2483 de
451 2418 540 2483 urbis
571 2420 636 2483 situ
666 2424 697 2482 et
724 2419 763 2482 de
792 2419 903 2482 castris
933 2417 1201 2502 Vercingetorigis
1231 2420 1266 2482 in
1288 2420 1392 2483 medio

270 2550 379 2614 monte
400 2545 512 2629 positis
532 2563 606 2608 cum
630 2539 761 2608 Caesare
782 2546 813 2624 3)
834 2545 1045 2608 consentiunt.
1063 2541 1155 2618 Quod
1168 2549 1274 2608 autem
1285 2551 1392 2608 narrat
1501 2577 1503 2582 ·

270 2668 441 2751 Romanos
466 2687 567 2753 quum
597 2668 711 2732 Caesar
732 2669 772 2732 ad
793 2668 952 2753 pacandos
975 2668 1107 2732 Aeduos
1130 2670 1186 2752 qui
1209 2669 1392 2732 defecerunt

270 2771 429 2879 profectus
452 2800 544 2876 esset,
566 2795 688 2858 cladem
711 2797 877 2878 accepisse,
897 2813 963 2856 non
983 2815 1095 2858 verum
1116 2800 1173 2859 est.
1193 2793 1392 2859 Caesareum

271 2926 409 3005 quatuor
431 2920 611 3005 legionibus
634 2920 740 2984 aberat
764 2920 908 3004 duasque
930 2922 1094 2984 incastris
1114 2920 1292 3003 reliquerat,
1313 2941 1393 3003 quas

273 3044 355 3110 Galli
374 3045 506 3110 Caesare
527 3045 657 3110 absente
676 3048 817 3130 aggressi
830 3051 912 3110 sunt.
926 3045 1035 3109 Castra
1047 3051 1153 3109 autem
1165 3066 1229 3109 non
1241 3052 1394 3130 ceperunt

272 3175 304 3235 et
321 3175 446 3254 postero
467 3169 519 3234 die
531 3190 634 3253 quum
645 3190 697 3235 eas
709 3172 825 3235 iterum
838 3171 966 3254 aggredi
980 3172 1014 3232 in
1026 3172 1132 3234 animo
1144 3171 1305 3253 haberent,
1319 3171 1394 3236 Cae-

273 3315 325 3360 sar
340 3297 407 3377 jam
425 3313 574 3359 reversus
594 3300 660 3358 erat
676 3297 717 3377 4).
738 3295 854 3359 Omisit
864 3294 925 3358 Dio
937 3300 1097 3378 praeterea
1109 3295 1239 3378 cladem,
1252 3316 1348 3379 quam
1359 3316 1395 3360 re

272 3439 348 3483 vcra
362 3419 499 3483 Romam
517 3425 715 3503 acceperunt,
737 3441 837 3504 quum
861 3419 975 3485 Caesar
995 3423 1159 3486 occasione
1176 3421 1279 3485 oblata
1292 3427 1395 3486 castra

274 3544 438 3612 Gallorum
456 3547 490 3609 in
509 3546 614 3610 medio
635 3553 742 3612 monte
761 3567 872 3632 capere
887 3549 989 3612 voluit
1003 3551 1041 3631 5).
1056 3549 1166 3613 Cetera
1176 3551 1210 3612 in
1222 3549 1282 3614 hoc
1294 3552 1394 3633 capite

273 3675 310 3746 ut
325 3672 391 3754 jam
413 3689 510 3754 supra
529 3669 595 3733 dixi
608 3676 673 3735 tam
685 3677 762 3736 sunt
773 3673 906 3737 confusa
918 3679 948 3738 et
960 3674 1103 3756 obscura,
1117 3679 1152 3737 ut
1163 3676 1260 3738 missa
1271 3674 1394 3738 faciam.

274 3846 420 3858 —

310 3948 335 4016 1)
351 3950 388 4000 oe
405 3951 435 4000 a.
452 3951 482 4000 a.
500 3949 555 4001 vu.
574 3952 613 4002 ιε.

309 4041 336 4106 a)
354 4039 391 4090 ua
408 4042 436 4090 s.
454 4041 483 4092 e.
501 4040 558 4092 vu.
577 4043 619 4102 aa,
637 4043 678 4092 aa.

309 4132 335 4194 a)
352 4130 389 4181 ua
409 4132 437 4182 s.
455 4132 484 4181 a
504 4131 560 4183 vu.
579 4133 619 4184 ac.

308 4225 334 4286 4)
351 4223 388 4273 ra
406 4224 436 4274 s.
453 4223 484 4275 o.
502 4221 558 4278 vu.
576 4225 617 4276 41.

310 4315 335 4384 a)
352 4315 389 4366 m
406 4317 435 4368 a.
451 4315 481 4366 e.
500 4315 556 4366 vu.
573 4317 682 4366 ra-sr.
