3424 5188
774 541 814 603 41

235 771 326 815 mus:
354 799 368 831 „
381 746 527 822 ἄπληστοι
552 747 609 829 γὰρ
632 747 798 826 ἀλογίστως
820 747 843 812 οἱ
863 746 1000 812 Γιιιιιὶτιιι
1020 751 1049 821 ἐς
1068 748 1153 813 πάνθ’
1167 748 1268 827 ὁμοίως
1281 749 1361 822 ὄντες

236 873 301 939 οὔτε
329 875 362 938 τὸ
393 875 511 955 θνρσιῦν
545 877 630 956 σφῶν
661 872 726 938 οὔτε
757 875 789 938 τὸ
820 874 908 946 δεδιὸς
939 873 1149 954 μετριάζουσιν,
1174 876 1245 939 ἀλλ’
1270 873 1361 964 ἔκιε

236 999 337 1065 τούτου
366 1001 435 1079 πρὸς
469 999 578 1063 baala
607 997 782 1064 ἀνέλπιστον
813 999 867 1063 aa!
894 996 927 1074 ἐξ
949 999 1053 1064 ἐκείνου
1076 1001 1145 1081 πρὸς
1168 999 1268 1080 θάρσος
1293 1024 1360 1082 πρι-

237 1122 324 1198 uaria
352 1123 539 1188 ἐκπίπτουσιν
562 1129 593 1189 et
615 1126 700 1209 apud
724 1123 906 1190 Caesarem:
933 1125 1043 1207 „Nam
1062 1131 1100 1190 ut
1123 1126 1163 1189 ad
1185 1126 1268 1190 bella
1292 1147 1362 1191 sus-

240 1251 386 1336 cipienda
408 1250 572 1314 Gallorum
597 1251 699 1314 alacer
722 1255 753 1314 et
775 1256 942 1334 promptus
965 1256 1013 1316 est
1035 1253 1171 1334 animus
1191 1255 1236 1316 sic
1256 1253 1362 1317 mollis

238 1397 275 1440 ao
298 1377 430 1440 minime
458 1379 609 1441 resistens
633 1376 673 1439 ad
696 1377 889 1440 calamitates
911 1376 1113 1459 perferendas
1135 1396 1227 1442 mens
1251 1397 1362 1441 eorum

239 1502 316 1568 est.'’
350 1501 438 1578 Quae
469 1504 553 1586 quia,
584 1521 779 1586 quamquam
802 1521 867 1565 non
890 1502 1002 1567 adres
1024 1508 1129 1586 gestas
1152 1505 1310 1586 pertinent
1332 1508 1363 1568 et

240 1648 259 1690 a
288 1625 391 1692 Dione
421 1629 516 1692 etiam
545 1628 606 1692 alio
627 1627 696 1691 loco
720 1629 818 1692 inseri
839 1633 1022 1721 potucrrmt,
1045 1634 1152 1693 tamen
1173 1630 1267 1713 plane
1290 1649 1364 1693 oon-

239 1755 382 1818 sentiunt
405 1758 435 1818 et
457 1754 568 1818 eodem
593 1773 656 1836 quo
680 1753 765 1836 apud
789 1752 954 1818 Caesarem
977 1754 1047 1818 loco
1072 1755 1154 1818 dicta
1180 1759 1265 1836 sunt,
1284 1755 1364 1818 mihi

242 1884 318 1944 sunt
340 1883 527 1962 argumento
551 1876 688 1942 Dionem
711 1877 854 1942 Caesaris
875 1881 1118 1944 commentarios
1142 1880 1333 1944 adhibuisse.

288 2005 446 2070 Venimus
463 2006 530 2086 jam
550 2005 589 2068 ad
613 2010 708 2088 caput
731 2005 783 2087 46,
807 2005 893 2088 quod
915 2005 1084 2070 bellicum
1107 2005 1279 2089 Aquitanis
1301 2008 1366 2071 his-

183 2134 190 2181 .·
244 2134 357 2197 toriam
386 2133 534 2213 continet,
559 2149 641 2224 quae
664 2150 706 2195 ex
729 2130 861 2196 Caesare
882 2131 911 2213 1)
934 2133 1004 2215 ipso
1026 2133 1124 2215 petita
1145 2132 1280 2197 videtur.
1304 2131 1367 2196 Sed

244 2257 305 2322 Dio
329 2258 405 2322 dicit
426 2257 580 2321 Publium
602 2256 947 2340 Crassumprofeotum
968 2227 1037 2322 esse
1053 2258 1088 2320 in
1100 2256 1240 2341 Apiates,
1252 2255 1368 2321 Caesar

244 2384 402 2448 Sentiates
429 2383 580 2446 nominat.
610 2381 667 2446 Sin
697 2387 804 2446 autem
827 2389 889 2444 NT
913 2387 944 2446 et
966 2389 1024 2444 ΑΠ
1048 2382 1200 2445 confundi
1222 2387 1366 2464 possunt,
1454 2463 1470 2476 „
1537 2416 1541 2426 ·

243 2510 313 2574 fieri
342 2513 446 2592 potest
476 2526 494 2571 e
524 2511 783 2578 CONTIATEC‚
822 2509 933 2590 primis
973 2506 1098 2571 duobus
1132 2508 1245 2571 litteris
1280 2509 1367 2572 elisis

245 2639 349 2698 ortum
385 2652 455 2697 esse
489 2635 683 2695 AIIIATEC.
717 2631 837 2697 Eodem
875 2632 970 2696 modo
1008 2634 1115 2716 igitur,
1155 2653 1218 2716 quo
1254 2632 1368 2697 licebat

245 2765 388 2822 ΑΔΡΑΝ
417 2759 452 2821 in
484 2763 653 2821 ΓΑΛΒΑΝ
687 2759 717 2839 2)
750 2757 927 2839 emendare,
951 2758 1037 2840 quod
1057 2759 1124 2840 jam
1148 2757 1314 2822 Bellerus
1338 2763 1369 2822 et

245 2883 431 2948 Dindorfius
453 2881 606 2964 fecerunt,
629 2883 681 2946 hic
704 2881 812 2946 licebit
833 2882 937 2965 legere
960 2882 1125 2946 Sentiates.
1150 2881 1210 2946 Sed
1235 2882 1274 2945 ad
1297 2902 1369 2966 pro-

244 3012 385 3095 positum
408 3009 510 3073 redeo.
536 3006 651 3071 Omnia
673 3011 708 3072 in
727 3009 787 3072 hoo
807 3009 907 3092 capite
927 3029 1001 3072 cnm
1022 3007 1154 3072 Caesare
1166 3011 1370 3073 consentiunt

245 3135 356 3219 paucis
386 3135 535 3217 exceptis
559 3153 641 3217 quae
664 3133 800 3217 afferam,
822 3138 859 3197 ut
882 3133 1095 3198 demonstrem
1118 3133 1187 3198 fieri
1209 3152 1310 3216 posse,
1334 3138 1371 3197 ut

247 3260 343 3323 etiam
372 3259 450 3322 haee
481 3278 523 3322 ex
554 3257 686 3323 Caesare
709 3263 777 3322 orta
800 3260 871 3322 sint
895 3258 1011 3322 Narrat
1033 3256 1094 3322 Dio
1119 3259 1269 3324 Crassnm
1292 3258 1371 3322 Son-

247 3383 377 3448 tiatibus
400 3384 493 3448 victis
517 3389 548 3448 et
566 3385 600 3446 in
622 3384 814 3448 deditionem
834 3385 970 3467 acceptis
990 3384 1068 3464 alios
1080 3385 1242 3449 invenisse
1254 3385 1370 3465 hostes,

248 3509 305 3592 qui
335 3509 429 3571 etiam
459 3527 502 3572 ax
531 3507 687 3591 Hispania
708 3513 875 3574 veteranos
900 3509 1097 3574 Sertorianos
1122 3510 1238 3573 milites
1262 3529 1371 3574 secum

248 3633 407 3698 habebant
430 3636 470 3715 3),
494 3652 613 3718 eosque
636 3636 738 3718 magis
762 3640 828 3699 arte
847 3636 976 3698 militari
997 3655 1094 3718 quam
1115 3641 1232 3699 temere
1252 3635 1370 3700 bellum

249 3760 386 3843 gessisse
398 3761 438 3840 4).
462 3759 562 3824 Addit
586 3760 735 3825 Crassum
758 3767 881 3826 metum
904 3763 1079 3845 simulasse,
1100 3762 1156 3828 sed
1176 3782 1372 3847 quamquam

285 4007 651 4068 umnamman

286 4096 577 4161 anamma

285 4186 580 4253 amaamm

287 4277 584 4343 amaomm
