<?xml version="1.0" encoding="UTF-8"?>
<!DOCTYPE html PUBLIC "-//W3C//DTD XHTML 1.0 Transitional//EN"
    "http://www.w3.org/TR/xhtml1/DTD/xhtml1-transitional.dtd">
<html xmlns="http://www.w3.org/1999/xhtml" xml:lang="en" lang="en">
 <head>
  <title>
</title>
<meta http-equiv="Content-Type" content="text/html;charset=utf-8" />
  <meta name='ocr-system' content='tesseract 3.04.00' />
  <meta name='ocr-capabilities' content='ocr_page ocr_carea ocr_par ocr_line ocrx_word'/>
</head>
<body>
  <div class='ocr_page' id='page_1' title='image "./defideetauctori00jelggoog_0015.png"; bbox 0 0 3424 5188; ppageno 0'>
   <div class='ocr_carea' id='block_1_1' title="bbox 884 551 904 612">
    <p class='ocr_par' dir='ltr' id='par_1_1' title="bbox 884 551 904 612">
     <span class='ocr_line' id='line_1_1' title="bbox 884 551 904 612; baseline 0 0"><span class='ocrx_word' id='word_1_1' title='bbox 884 551 904 612; x_wconf 80' lang='lat'>4</span> 
     </span>
    </p>
   </div>
   <div class='ocr_carea' id='block_1_2' title="bbox 308 763 1473 2606">
    <p class='ocr_par' dir='ltr' id='par_1_2' title="bbox 308 763 1473 2606">
     <span class='ocr_line' id='line_1_2' title="bbox 343 763 1462 848; baseline -0.002 -21"><span class='ocrx_word' id='word_1_2' title='bbox 343 765 466 848; x_wconf 81' lang='lat' dir='ltr'>signem</span> <span class='ocrx_word' id='word_1_3' title='bbox 497 765 615 828; x_wconf 86' lang='lat' dir='ltr'>famam</span> <span class='ocrx_word' id='word_1_4' title='bbox 638 764 798 827; x_wconf 87' lang='lat' dir='ltr'>doctrinae</span> <span class='ocrx_word' id='word_1_5' title='bbox 821 769 852 826; x_wconf 88' lang='lat' dir='ltr'>et</span> <span class='ocrx_word' id='word_1_6' title='bbox 875 763 1082 826; x_wconf 88' lang='lat' dir='ltr'>humanitatis</span> <span class='ocrx_word' id='word_1_7' title='bbox 1106 763 1161 826; x_wconf 91' lang='lat' dir='ltr'>sed</span> <span class='ocrx_word' id='word_1_8' title='bbox 1184 763 1290 845; x_wconf 89' lang='lat' dir='ltr'>potius</span> <span class='ocrx_word' id='word_1_9' title='bbox 1314 782 1462 846; x_wconf 82' lang='lat' dir='ltr'>magnam</span> 
     </span>
     <span class='ocr_line' id='line_1_3' title="bbox 340 885 1464 973; baseline 0.001 -22"><span class='ocrx_word' id='word_1_10' title='bbox 340 889 472 973; x_wconf 83' lang='lat' dir='ltr'>gloriam</span> <span class='ocrx_word' id='word_1_11' title='bbox 506 888 636 953; x_wconf 74' lang='lat' dir='ltr'>bellicae</span> <span class='ocrx_word' id='word_1_12' title='bbox 669 889 797 952; x_wconf 87' lang='lat' dir='ltr'>virtutis</span> <span class='ocrx_word' id='word_1_13' title='bbox 831 889 964 971; x_wconf 88' lang='lat' dir='ltr'>adeptus</span> <span class='ocrx_word' id='word_1_14' title='bbox 997 893 1086 951; x_wconf 91' lang='lat' dir='ltr'>esset.</span> <span class='ocrx_word' id='word_1_15' title='bbox 1120 885 1199 962; x_wconf 78' lang='lat' dir='ltr'>Quis</span> <span class='ocrx_word' id='word_1_16' title='bbox 1228 889 1314 951; x_wconf 92' lang='lat' dir='ltr'>enim</span> <span class='ocrx_word' id='word_1_17' title='bbox 1338 889 1464 952; x_wconf 89' lang='lat' dir='ltr'>credere</span> 
     </span>
     <span class='ocr_line' id='line_1_4' title="bbox 341 1012 1463 1097; baseline -0.004 -19"><span class='ocrx_word' id='word_1_18' title='bbox 341 1019 448 1097; x_wconf 89' lang='lat' dir='ltr'>posset</span> <span class='ocrx_word' id='word_1_19' title='bbox 486 1013 761 1078; x_wconf 89' lang='lat' dir='ltr'>adulescentulum</span> <span class='ocrx_word' id='word_1_20' title='bbox 794 1014 850 1096; x_wconf 89' lang='lat' dir='ltr'>qui</span> <span class='ocrx_word' id='word_1_21' title='bbox 881 1012 920 1075; x_wconf 89' lang='lat' dir='ltr'>ab</span> <span class='ocrx_word' id='word_1_22' title='bbox 951 1032 1035 1076; x_wconf 89' lang='lat' dir='ltr'>anno</span> <span class='ocrx_word' id='word_1_23' title='bbox 1066 1014 1176 1076; x_wconf 87' lang='lat' dir='ltr'>aetatis</span> <span class='ocrx_word' id='word_1_24' title='bbox 1207 1013 1463 1076; x_wconf 78' lang='lat' dir='ltr'>duodevicesimo</span> 
     </span>
     <span class='ocr_line' id='line_1_5' title="bbox 340 1138 1464 1221; baseline 0.001 -20"><span class='ocrx_word' id='word_1_25' title='bbox 340 1141 492 1203; x_wconf 90' lang='lat' dir='ltr'>continuo</span> <span class='ocrx_word' id='word_1_26' title='bbox 516 1145 660 1203; x_wconf 86' lang='lat' dir='ltr'>versatus</span> <span class='ocrx_word' id='word_1_27' title='bbox 684 1144 767 1203; x_wconf 90' lang='lat' dir='ltr'>esset</span> <span class='ocrx_word' id='word_1_28' title='bbox 789 1140 824 1201; x_wconf 91' lang='lat' dir='ltr'>in</span> <span class='ocrx_word' id='word_1_29' title='bbox 846 1139 996 1202; x_wconf 82' lang='lat' dir='ltr'>maximis</span> <span class='ocrx_word' id='word_1_30' title='bbox 1017 1144 1048 1202; x_wconf 91' lang='lat' dir='ltr'>et</span> <span class='ocrx_word' id='word_1_31' title='bbox 1066 1138 1344 1221; x_wconf 78' lang='lat' dir='ltr'>periculosissimis</span> <span class='ocrx_word' id='word_1_32' title='bbox 1364 1139 1464 1221; x_wconf 86' lang='lat' dir='ltr'>bellis,</span> 
     </span>
     <span class='ocr_line' id='line_1_6' title="bbox 341 1264 1463 1348; baseline 0.001 -22"><span class='ocrx_word' id='word_1_33' title='bbox 341 1265 451 1327; x_wconf 91' lang='lat' dir='ltr'>eodem</span> <span class='ocrx_word' id='word_1_34' title='bbox 484 1270 623 1348; x_wconf 91' lang='lat' dir='ltr'>tempore</span> <span class='ocrx_word' id='word_1_35' title='bbox 655 1264 779 1328; x_wconf 77' lang='lat' dir='ltr'>dedisse</span> <span class='ocrx_word' id='word_1_36' title='bbox 809 1283 935 1346; x_wconf 81' lang='lat' dir='ltr'>operam</span> <span class='ocrx_word' id='word_1_37' title='bbox 959 1265 1019 1326; x_wconf 86' lang='lat' dir='ltr'>arti</span> <span class='ocrx_word' id='word_1_38' title='bbox 1043 1265 1179 1347; x_wconf 80' lang='lat' dir='ltr'>tragicae</span> <span class='ocrx_word' id='word_1_39' title='bbox 1203 1269 1233 1328; x_wconf 89' lang='lat' dir='ltr'>et</span> <span class='ocrx_word' id='word_1_40' title='bbox 1256 1264 1463 1346; x_wconf 80' lang='lat' dir='ltr'>eloquentiae,</span> 
     </span>
     <span class='ocr_line' id='line_1_7' title="bbox 341 1389 1463 1473; baseline 0 -19"><span class='ocrx_word' id='word_1_41' title='bbox 341 1390 458 1473; x_wconf 91' lang='lat' dir='ltr'>quibus</span> <span class='ocrx_word' id='word_1_42' title='bbox 489 1395 612 1454; x_wconf 88' lang='lat' dir='ltr'>constat</span> <span class='ocrx_word' id='word_1_43' title='bbox 642 1390 819 1453; x_wconf 90' lang='lat' dir='ltr'>Pollionem</span> <span class='ocrx_word' id='word_1_44' title='bbox 849 1390 932 1453; x_wconf 89' lang='lat' dir='ltr'>inter</span> <span class='ocrx_word' id='word_1_45' title='bbox 966 1409 1076 1454; x_wconf 90' lang='lat' dir='ltr'>omnes</span> <span class='ocrx_word' id='word_1_46' title='bbox 1101 1389 1314 1454; x_wconf 80' lang='lat' dir='ltr'>excelluisse?</span> <span class='ocrx_word' id='word_1_47' title='bbox 1338 1389 1399 1454; x_wconf 80' lang='lat' dir='ltr'>Sed</span> <span class='ocrx_word' id='word_1_48' title='bbox 1423 1391 1463 1454; x_wconf 88' lang='lat' dir='ltr'>ad</span> 
     </span>
     <span class='ocr_line' id='line_1_8' title="bbox 341 1515 1460 1600; baseline 0 -20"><span class='ocrx_word' id='word_1_49' title='bbox 341 1517 469 1581; x_wconf 81' lang='lat' dir='ltr'>Catonis</span> <span class='ocrx_word' id='word_1_50' title='bbox 499 1517 658 1600; x_wconf 86' lang='lat' dir='ltr'>judicium</span> <span class='ocrx_word' id='word_1_51' title='bbox 686 1517 788 1580; x_wconf 88' lang='lat' dir='ltr'>redeo.</span> <span class='ocrx_word' id='word_1_52' title='bbox 820 1515 852 1578; x_wconf 79' lang='grc' dir='ltr'>Ο.</span> <span class='ocrx_word' id='word_1_53' title='bbox 884 1515 960 1580; x_wconf 82' lang='lat' dir='ltr'>Cato</span> <span class='ocrx_word' id='word_1_54' title='bbox 995 1516 1208 1596; x_wconf 84' lang='lat' dir='ltr'>„adulescens</span> <span class='ocrx_word' id='word_1_55' title='bbox 1239 1516 1360 1580; x_wconf 90' lang='lat' dir='ltr'>nullius</span> <span class='ocrx_word' id='word_1_56' title='bbox 1386 1536 1460 1581; x_wconf 90' lang='lat' dir='ltr'>con-</span> 
     </span>
     <span class='ocr_line' id='line_1_9' title="bbox 340 1642 1462 1726; baseline -0.002 -19"><span class='ocrx_word' id='word_1_57' title='bbox 340 1644 423 1708; x_wconf 87' lang='lat' dir='ltr'>silii”</span> <span class='ocrx_word' id='word_1_58' title='bbox 450 1646 479 1726; x_wconf 88' lang='grc'>1)</span> <span class='ocrx_word' id='word_1_59' title='bbox 512 1644 661 1708; x_wconf 85' lang='lat' dir='ltr'>tribunus</span> <span class='ocrx_word' id='word_1_60' title='bbox 691 1642 792 1726; x_wconf 91' lang='lat' dir='ltr'>plebis</span> <span class='ocrx_word' id='word_1_61' title='bbox 823 1643 899 1705; x_wconf 89' lang='lat' dir='ltr'>anni</span> <span class='ocrx_word' id='word_1_62' title='bbox 931 1642 970 1704; x_wconf 86' lang='grc'>56</span> <span class='ocrx_word' id='word_1_63' title='bbox 996 1662 1022 1705; x_wconf 89' lang='lat' dir='ltr'>a.</span> <span class='ocrx_word' id='word_1_64' title='bbox 1046 1642 1116 1705; x_wconf 82' lang='lat' dir='ltr'>Chr.</span> <span class='ocrx_word' id='word_1_65' title='bbox 1141 1662 1170 1707; x_wconf 92' lang='lat' dir='ltr'>n.</span> <span class='ocrx_word' id='word_1_66' title='bbox 1194 1644 1229 1706; x_wconf 92' lang='lat' dir='ltr'>in</span> <span class='ocrx_word' id='word_1_67' title='bbox 1252 1643 1342 1706; x_wconf 88' lang='lat' dir='ltr'>initio</span> <span class='ocrx_word' id='word_1_68' title='bbox 1363 1642 1462 1708; x_wconf 88' lang='lat' dir='ltr'>tribu-</span> 
     </span>
     <span class='ocr_line' id='line_1_10' title="bbox 308 1766 1462 1853; baseline 0 -21"><span class='ocrx_word' id='word_1_69' title='bbox 308 1767 314 1776; x_wconf 88' lang='lat'>&#39;</span> <span class='ocrx_word' id='word_1_70' title='bbox 341 1778 436 1834; x_wconf 89' lang='lat' dir='ltr'>natus</span> <span class='ocrx_word' id='word_1_71' title='bbox 478 1776 624 1834; x_wconf 90' lang='lat' dir='ltr'>senatum</span> <span class='ocrx_word' id='word_1_72' title='bbox 659 1775 690 1833; x_wconf 89' lang='lat' dir='ltr'>et</span> <span class='ocrx_word' id='word_1_73' title='bbox 724 1768 765 1831; x_wconf 89' lang='lat' dir='ltr'>M.</span> <span class='ocrx_word' id='word_1_74' title='bbox 800 1766 950 1832; x_wconf 82' lang='lat' dir='ltr'>Catonem</span> <span class='ocrx_word' id='word_1_75' title='bbox 985 1768 1115 1851; x_wconf 78' lang='lat' dir='ltr'>adjuvit,</span> <span class='ocrx_word' id='word_1_76' title='bbox 1148 1788 1188 1832; x_wconf 92' lang='lat' dir='ltr'>ne</span> <span class='ocrx_word' id='word_1_77' title='bbox 1222 1767 1393 1853; x_wconf 86' lang='lat' dir='ltr'>Pompejus</span> <span class='ocrx_word' id='word_1_78' title='bbox 1427 1770 1462 1832; x_wconf 93' lang='lat' dir='ltr'>in</span> 
     </span>
     <span class='ocr_line' id='line_1_11' title="bbox 340 1894 1462 1980; baseline -0.001 -21"><span class='ocrx_word' id='word_1_79' title='bbox 340 1897 525 1980; x_wconf 89' lang='lat' dir='ltr'>Aegyptum</span> <span class='ocrx_word' id='word_1_80' title='bbox 559 1897 738 1959; x_wconf 76' lang='lat' dir='ltr'>mitteretur</span> <span class='ocrx_word' id='word_1_81' title='bbox 769 1894 808 1958; x_wconf 92' lang='lat' dir='ltr'>ad</span> <span class='ocrx_word' id='word_1_82' title='bbox 837 1894 1056 1958; x_wconf 83' lang='lat' dir='ltr'>Ptolemaeum</span> <span class='ocrx_word' id='word_1_83' title='bbox 1085 1895 1235 1960; x_wconf 91' lang='lat' dir='ltr'>Auletem</span> <span class='ocrx_word' id='word_1_84' title='bbox 1266 1895 1462 1959; x_wconf 84' lang='lat' dir='ltr'>Alexandria</span> 
     </span>
     <span class='ocr_line' id='line_1_12' title="bbox 340 2020 1461 2106; baseline -0.003 -20"><span class='ocrx_word' id='word_1_85' title='bbox 340 2027 370 2086; x_wconf 90' lang='lat' dir='ltr'>et</span> <span class='ocrx_word' id='word_1_86' title='bbox 400 2042 498 2105; x_wconf 89' lang='lat' dir='ltr'>regno</span> <span class='ocrx_word' id='word_1_87' title='bbox 527 2022 658 2106; x_wconf 91' lang='lat' dir='ltr'>pulsum</span> <span class='ocrx_word' id='word_1_88' title='bbox 689 2021 907 2085; x_wconf 89' lang='lat' dir='ltr'>reducendum</span> <span class='ocrx_word' id='word_1_89' title='bbox 931 2021 971 2101; x_wconf 83' lang='lat'>2),</span> <span class='ocrx_word' id='word_1_90' title='bbox 1003 2020 1058 2084; x_wconf 89' lang='lat' dir='ltr'>sed</span> <span class='ocrx_word' id='word_1_91' title='bbox 1080 2022 1252 2103; x_wconf 90' lang='lat' dir='ltr'>posteriore</span> <span class='ocrx_word' id='word_1_92' title='bbox 1274 2027 1362 2104; x_wconf 85' lang='lat' dir='ltr'>parte</span> <span class='ocrx_word' id='word_1_93' title='bbox 1385 2022 1461 2085; x_wconf 87' lang='lat' dir='ltr'>anni</span> 
     </span>
     <span class='ocr_line' id='line_1_13' title="bbox 339 2145 1473 2230; baseline 0 -21"><span class='ocrx_word' id='word_1_94' title='bbox 339 2147 514 2230; x_wconf 87' lang='lat' dir='ltr'>largitione,</span> <span class='ocrx_word' id='word_1_95' title='bbox 542 2152 578 2210; x_wconf 89' lang='lat' dir='ltr'>ut</span> <span class='ocrx_word' id='word_1_96' title='bbox 600 2147 735 2228; x_wconf 87' lang='lat' dir='ltr'>videtur,</span> <span class='ocrx_word' id='word_1_97' title='bbox 759 2151 927 2229; x_wconf 89' lang='lat' dir='ltr'>corruptus</span> <span class='ocrx_word' id='word_1_98' title='bbox 950 2146 1101 2228; x_wconf 88' lang='lat' dir='ltr'>Pompejc</span> <span class='ocrx_word' id='word_1_99' title='bbox 1125 2145 1303 2228; x_wconf 79' lang='lat' dir='ltr'>Crassaque</span> <span class='ocrx_word' id='word_1_100' title='bbox 1325 2146 1473 2222; x_wconf 74' lang='lat' dir='ltr'>auxilia,</span> 
     </span>
     <span class='ocr_line' id='line_1_14' title="bbox 338 2270 1460 2354; baseline 0.001 -20"><span class='ocrx_word' id='word_1_101' title='bbox 338 2276 391 2335; x_wconf 93' lang='lat' dir='ltr'>tus</span> <span class='ocrx_word' id='word_1_102' title='bbox 414 2275 470 2352; x_wconf 91' lang='lat' dir='ltr'>est,</span> <span class='ocrx_word' id='word_1_103' title='bbox 493 2277 531 2334; x_wconf 91' lang='lat' dir='ltr'>ut</span> <span class='ocrx_word' id='word_1_104' title='bbox 552 2272 680 2334; x_wconf 89' lang='lat' dir='ltr'>comitia</span> <span class='ocrx_word' id='word_1_105' title='bbox 702 2272 882 2334; x_wconf 88' lang='lat' dir='ltr'>consularia</span> <span class='ocrx_word' id='word_1_106' title='bbox 905 2270 1106 2334; x_wconf 86' lang='lat' dir='ltr'>differrentur</span> <span class='ocrx_word' id='word_1_107' title='bbox 1128 2275 1159 2334; x_wconf 91' lang='lat' dir='ltr'>et</span> <span class='ocrx_word' id='word_1_108' title='bbox 1177 2290 1229 2334; x_wconf 90' lang='lat' dir='ltr'>res</span> <span class='ocrx_word' id='word_1_109' title='bbox 1249 2272 1289 2334; x_wconf 86' lang='lat' dir='ltr'>ad</span> <span class='ocrx_word' id='word_1_110' title='bbox 1308 2272 1460 2354; x_wconf 85' lang='lat' dir='ltr'>interreg·</span> 
     </span>
     <span class='ocr_line' id='line_1_15' title="bbox 341 2394 1461 2478; baseline 0.002 -20"><span class='ocrx_word' id='word_1_111' title='bbox 341 2396 421 2458; x_wconf 89' lang='lat' dir='ltr'>num</span> <span class='ocrx_word' id='word_1_112' title='bbox 455 2395 666 2459; x_wconf 90' lang='lat' dir='ltr'>adduceretur</span> <span class='ocrx_word' id='word_1_113' title='bbox 689 2397 727 2476; x_wconf 81' lang='lat'>3).</span> <span class='ocrx_word' id='word_1_114' title='bbox 760 2394 861 2477; x_wconf 77' lang='lat' dir='ltr'>Quod,</span> <span class='ocrx_word' id='word_1_115' title='bbox 884 2397 911 2460; x_wconf 89' lang='lat' dir='ltr'>si</span> <span class='ocrx_word' id='word_1_116' title='bbox 934 2395 1030 2459; x_wconf 90' lang='lat' dir='ltr'>Dioni</span> <span class='ocrx_word' id='word_1_117' title='bbox 1054 2396 1222 2478; x_wconf 89' lang='lat' dir='ltr'>credimus,</span> <span class='ocrx_word' id='word_1_118' title='bbox 1246 2416 1283 2460; x_wconf 90' lang='lat' dir='ltr'>ea</span> <span class='ocrx_word' id='word_1_119' title='bbox 1305 2397 1343 2460; x_wconf 94' lang='lat' dir='ltr'>de</span> <span class='ocrx_word' id='word_1_120' title='bbox 1365 2416 1461 2460; x_wconf 88' lang='lat' dir='ltr'>causa</span> 
     </span>
     <span class='ocr_line' id='line_1_16' title="bbox 338 2519 1460 2606; baseline 0.003 -24"><span class='ocrx_word' id='word_1_121' title='bbox 338 2519 459 2583; x_wconf 89' lang='lat' dir='ltr'>factum</span> <span class='ocrx_word' id='word_1_122' title='bbox 494 2525 549 2602; x_wconf 88' lang='lat' dir='ltr'>cst,</span> <span class='ocrx_word' id='word_1_123' title='bbox 583 2521 669 2603; x_wconf 89' lang='lat' dir='ltr'>quod</span> <span class='ocrx_word' id='word_1_124' title='bbox 701 2521 847 2584; x_wconf 89' lang='lat' dir='ltr'>consules</span> <span class='ocrx_word' id='word_1_125' title='bbox 877 2520 1036 2604; x_wconf 87' lang='lat' dir='ltr'>negabant</span> <span class='ocrx_word' id='word_1_126' title='bbox 1067 2541 1100 2585; x_wconf 91' lang='lat' dir='ltr'>se</span> <span class='ocrx_word' id='word_1_127' title='bbox 1131 2521 1273 2606; x_wconf 86' lang='lat' dir='ltr'>Pompeji</span> <span class='ocrx_word' id='word_1_128' title='bbox 1303 2527 1333 2585; x_wconf 91' lang='lat' dir='ltr'>et</span> <span class='ocrx_word' id='word_1_129' title='bbox 1356 2520 1460 2586; x_wconf 82' lang='lat' dir='ltr'>Crassi</span> 
     </span>
    </p>
   </div>
   <div class='ocr_carea' id='block_1_3' title="bbox 337 2629 1561 2730">
    <p class='ocr_par' dir='ltr' id='par_1_3' title="bbox 337 2629 1561 2730">
     <span class='ocr_line' id='line_1_17' title="bbox 337 2629 1561 2730; baseline 0.003 -24"><span class='ocrx_word' id='word_1_130' title='bbox 337 2647 492 2709; x_wconf 89' lang='lat' dir='ltr'>rationem</span> <span class='ocrx_word' id='word_1_131' title='bbox 527 2665 597 2710; x_wconf 90' lang='lat' dir='ltr'>esse</span> <span class='ocrx_word' id='word_1_132' title='bbox 635 2646 807 2710; x_wconf 86' lang='lat' dir='ltr'>habituros.</span> <span class='ocrx_word' id='word_1_133' title='bbox 846 2646 924 2710; x_wconf 88' lang='lat' dir='ltr'>Post</span> <span class='ocrx_word' id='word_1_134' title='bbox 962 2645 1161 2712; x_wconf 88' lang='lat' dir='ltr'>tribunatum</span> <span class='ocrx_word' id='word_1_135' title='bbox 1195 2653 1357 2730; x_wconf 90' lang='lat' dir='ltr'>peractum</span> <span class='ocrx_word' id='word_1_136' title='bbox 1391 2667 1457 2710; x_wconf 90' lang='lat' dir='ltr'>non</span> <span class='ocrx_word' id='word_1_137' title='bbox 1555 2629 1561 2635; x_wconf 54' lang='grc'><strong>’</strong></span> 
     </span>
    </p>
   </div>
   <div class='ocr_carea' id='block_1_4' title="bbox 332 2770 1459 3608">
    <p class='ocr_par' dir='ltr' id='par_1_4' title="bbox 332 2770 1459 3608">
     <span class='ocr_line' id='line_1_18' title="bbox 336 2770 1459 2866; baseline 0.003 -34"><span class='ocrx_word' id='word_1_138' title='bbox 336 2771 442 2866; x_wconf 87' lang='lat' dir='ltr'>statim</span> <span class='ocrx_word' id='word_1_139' title='bbox 466 2774 633 2833; x_wconf 86' lang='lat' dir='ltr'>accusatus</span> <span class='ocrx_word' id='word_1_140' title='bbox 657 2775 713 2851; x_wconf 89' lang='lat' dir='ltr'>est,</span> <span class='ocrx_word' id='word_1_141' title='bbox 738 2770 792 2834; x_wconf 92' lang='lat' dir='ltr'>sed</span> <span class='ocrx_word' id='word_1_142' title='bbox 814 2770 941 2834; x_wconf 89' lang='lat' dir='ltr'>tandem</span> <span class='ocrx_word' id='word_1_143' title='bbox 966 2791 1049 2834; x_wconf 91' lang='lat' dir='ltr'>anno</span> <span class='ocrx_word' id='word_1_144' title='bbox 1074 2773 1115 2833; x_wconf 84' lang='lat'>54</span> <span class='ocrx_word' id='word_1_145' title='bbox 1137 2790 1164 2834; x_wconf 89' lang='lat' dir='ltr'>a.</span> <span class='ocrx_word' id='word_1_146' title='bbox 1189 2770 1258 2834; x_wconf 85' lang='lat' dir='ltr'>Chr.</span> <span class='ocrx_word' id='word_1_147' title='bbox 1279 2791 1309 2834; x_wconf 91' lang='lat' dir='ltr'>n.</span> <span class='ocrx_word' id='word_1_148' title='bbox 1330 2791 1459 2836; x_wconf 88' lang='lat' dir='ltr'>causam</span> 
     </span>
     <span class='ocr_line' id='line_1_19' title="bbox 336 2894 1458 2981; baseline 0.004 -23"><span class='ocrx_word' id='word_1_149' title='bbox 336 2896 418 2958; x_wconf 86' lang='lat' dir='ltr'>dixit</span> <span class='ocrx_word' id='word_1_150' title='bbox 449 2915 490 2958; x_wconf 82' lang='lat' dir='ltr'>ex</span> <span class='ocrx_word' id='word_1_151' title='bbox 520 2894 645 2979; x_wconf 91' lang='lat' dir='ltr'>legibus</span> <span class='ocrx_word' id='word_1_152' title='bbox 676 2895 767 2959; x_wconf 76' lang='lat' dir='ltr'>Eufia</span> <span class='ocrx_word' id='word_1_153' title='bbox 796 2901 827 2960; x_wconf 92' lang='lat' dir='ltr'>et</span> <span class='ocrx_word' id='word_1_154' title='bbox 849 2895 870 2958; x_wconf 86' lang='lat' dir='ltr'>J</span> <span class='ocrx_word' id='word_1_155' title='bbox 874 2898 949 2959; x_wconf 91' lang='lat' dir='ltr'>unia</span> <span class='ocrx_word' id='word_1_156' title='bbox 969 2895 1092 2960; x_wconf 88' lang='lat' dir='ltr'>Licinia</span> <span class='ocrx_word' id='word_1_157' title='bbox 1115 2899 1155 2979; x_wconf 79' lang='lat'>4),</span> <span class='ocrx_word' id='word_1_158' title='bbox 1179 2903 1361 2962; x_wconf 86' lang='lat' dir='ltr'>accusatore</span> <span class='ocrx_word' id='word_1_159' title='bbox 1385 2896 1458 2981; x_wconf 83' lang='lat' dir='ltr'>Cajo</span> 
     </span>
     <span class='ocr_line' id='line_1_20' title="bbox 335 3020 1456 3107; baseline 0.005 -26"><span class='ocrx_word' id='word_1_160' title='bbox 335 3020 449 3083; x_wconf 86' lang='lat' dir='ltr'>Asinio</span> <span class='ocrx_word' id='word_1_161' title='bbox 481 3020 634 3102; x_wconf 78' lang='lat' dir='ltr'>Pollione,</span> <span class='ocrx_word' id='word_1_162' title='bbox 658 3022 750 3102; x_wconf 87' lang='lat' dir='ltr'>cujus</span> <span class='ocrx_word' id='word_1_163' title='bbox 774 3023 872 3085; x_wconf 89' lang='lat' dir='ltr'>oratio</span> <span class='ocrx_word' id='word_1_164' title='bbox 896 3024 990 3086; x_wconf 90' lang='lat' dir='ltr'>etiam</span> <span class='ocrx_word' id='word_1_165' title='bbox 1014 3029 1154 3107; x_wconf 88' lang='lat' dir='ltr'>tempore</span> <span class='ocrx_word' id='word_1_166' title='bbox 1178 3025 1256 3106; x_wconf 85' lang='lat' dir='ltr'>ejus,</span> <span class='ocrx_word' id='word_1_167' title='bbox 1279 3025 1336 3106; x_wconf 92' lang='lat' dir='ltr'>qui</span> <span class='ocrx_word' id='word_1_168' title='bbox 1359 3024 1456 3087; x_wconf 92' lang='lat' dir='ltr'>dialc-</span> 
     </span>
     <span class='ocr_line' id='line_1_21' title="bbox 333 3144 1455 3232; baseline 0.006 -26"><span class='ocrx_word' id='word_1_169' title='bbox 333 3165 412 3226; x_wconf 89' lang='lat' dir='ltr'>gum</span> <span class='ocrx_word' id='word_1_170' title='bbox 447 3145 485 3208; x_wconf 89' lang='lat' dir='ltr'>de</span> <span class='ocrx_word' id='word_1_171' title='bbox 520 3144 697 3208; x_wconf 90' lang='lat' dir='ltr'>oratoribus</span> <span class='ocrx_word' id='word_1_172' title='bbox 732 3147 857 3229; x_wconf 88' lang='lat' dir='ltr'>scripsit</span> <span class='ocrx_word' id='word_1_173' title='bbox 887 3166 961 3209; x_wconf 89' lang='lat' dir='ltr'>cum</span> <span class='ocrx_word' id='word_1_174' title='bbox 992 3147 1199 3212; x_wconf 90' lang='lat' dir='ltr'>admiratione</span> <span class='ocrx_word' id='word_1_175' title='bbox 1230 3148 1393 3232; x_wconf 89' lang='lat' dir='ltr'>legebatur</span> <span class='ocrx_word' id='word_1_176' title='bbox 1417 3152 1455 3230; x_wconf 83' lang='lat'>5).</span> 
     </span>
     <span class='ocr_line' id='line_1_22' title="bbox 333 3268 1458 3358; baseline 0.007 -27"><span class='ocrx_word' id='word_1_177' title='bbox 333 3268 493 3332; x_wconf 89' lang='lat' dir='ltr'>Defensus</span> <span class='ocrx_word' id='word_1_178' title='bbox 525 3275 573 3333; x_wconf 90' lang='lat' dir='ltr'>est</span> <span class='ocrx_word' id='word_1_179' title='bbox 602 3291 627 3332; x_wconf 88' lang='lat' dir='ltr'>a.</span> <span class='ocrx_word' id='word_1_180' title='bbox 652 3269 684 3358; x_wconf 82' lang='lat' dir='ltr'>C.</span> <span class='ocrx_word' id='word_1_181' title='bbox 707 3269 829 3334; x_wconf 86' lang='lat' dir='ltr'>Licim&#39;o</span> <span class='ocrx_word' id='word_1_182' title='bbox 854 3270 949 3334; x_wconf 84' lang='lat' dir='ltr'>Calvo</span> <span class='ocrx_word' id='word_1_183' title='bbox 974 3278 1004 3336; x_wconf 92' lang='lat' dir='ltr'>et</span> <span class='ocrx_word' id='word_1_184' title='bbox 1027 3292 1045 3335; x_wconf 87' lang='lat' dir='ltr'>a</span> <span class='ocrx_word' id='word_1_185' title='bbox 1067 3273 1109 3335; x_wconf 88' lang='grc' dir='ltr'>Μ.</span> <span class='ocrx_word' id='word_1_186' title='bbox 1133 3273 1252 3338; x_wconf 81' lang='lat' dir='ltr'>Scauro</span> <span class='ocrx_word' id='word_1_187' title='bbox 1277 3274 1307 3355; x_wconf 84' lang='lat'>6)</span> <span class='ocrx_word' id='word_1_188' title='bbox 1332 3279 1363 3338; x_wconf 88' lang='lat' dir='ltr'>et</span> <span class='ocrx_word' id='word_1_189' title='bbox 1386 3281 1458 3339; x_wconf 91' lang='lat' dir='ltr'>ante</span> 
     </span>
     <span class='ocr_line' id='line_1_23' title="bbox 333 3393 1458 3482; baseline 0.008 -27"><span class='ocrx_word' id='word_1_190' title='bbox 333 3393 419 3456; x_wconf 89' lang='lat' dir='ltr'>diem</span> <span class='ocrx_word' id='word_1_191' title='bbox 450 3393 501 3456; x_wconf 89' lang='grc' dir='ltr'>ΙΙΙ</span> <span class='ocrx_word' id='word_1_192' title='bbox 520 3393 640 3459; x_wconf 50' lang='lat' dir='ltr'>¹Nonas</span> <span class='ocrx_word' id='word_1_193' title='bbox 669 3393 843 3470; x_wconf 78' lang='lat' dir='ltr'>Quinctiles</span> <span class='ocrx_word' id='word_1_194' title='bbox 867 3417 932 3460; x_wconf 88' lang='lat' dir='ltr'>una</span> <span class='ocrx_word' id='word_1_195' title='bbox 956 3417 1030 3461; x_wconf 88' lang='lat' dir='ltr'>cum</span> <span class='ocrx_word' id='word_1_196' title='bbox 1053 3399 1172 3482; x_wconf 90' lang='lat' dir='ltr'>collega</span> <span class='ocrx_word' id='word_1_197' title='bbox 1195 3399 1344 3464; x_wconf 83' lang='lat' dir='ltr'>Sufenate</span> <span class='ocrx_word' id='word_1_198' title='bbox 1368 3399 1458 3464; x_wconf 89' lang='lat' dir='ltr'>absc-</span> 
     </span>
     <span class='ocr_line' id='line_1_24' title="bbox 332 3518 1457 3608; baseline 0.007 -28"><span class='ocrx_word' id='word_1_199' title='bbox 332 3518 437 3597; x_wconf 82' lang='lat' dir='ltr'>lutus3</span> <span class='ocrx_word' id='word_1_200' title='bbox 485 3539 553 3600; x_wconf 83' lang='lat' dir='ltr'>,ex</span> <span class='ocrx_word' id='word_1_201' title='bbox 595 3540 659 3603; x_wconf 90' lang='lat' dir='ltr'>quo</span> <span class='ocrx_word' id='word_1_202' title='bbox 693 3521 872 3585; x_wconf 90' lang='lat' dir='ltr'>intellectus</span> <span class='ocrx_word' id='word_1_203' title='bbox 906 3528 954 3586; x_wconf 90' lang='lat' dir='ltr'>est</span> <span class='ocrx_word' id='word_1_204' title='bbox 988 3523 1258 3603; x_wconf 68' lang='grc' dir='ltr'>τρισαρειοπαγίτοις</span> <span class='ocrx_word' id='word_1_205' title='bbox 1293 3524 1457 3608; x_wconf 90' lang='lat' dir='ltr'>ambitum,</span> 
     </span>
    </p>
   </div>
   <div class='ocr_carea' id='block_1_5' title="bbox 340 3661 485 3670">
    <p class='ocr_par' dir='ltr' id='par_1_5' title="bbox 340 3661 485 3670">
     <span class='ocr_line' id='line_1_25' title="bbox 340 3661 485 3670; baseline 0.014 -2"><span class='ocrx_word' id='word_1_206' title='bbox 340 3661 485 3670; x_wconf 77' lang='lat'>-—-.</span> 
     </span>
    </p>
   </div>
   <div class='ocr_carea' id='block_1_6' title="bbox 367 3727 857 3794">
    <p class='ocr_par' dir='ltr' id='par_1_6' title="bbox 367 3727 857 3794">
     <span class='ocr_line' id='line_1_26' title="bbox 367 3727 857 3794; baseline 0.01 -18"><span class='ocrx_word' id='word_1_207' title='bbox 367 3729 390 3792; x_wconf 85' lang='lat' dir='ltr'>l)</span> <span class='ocrx_word' id='word_1_208' title='bbox 408 3727 458 3778; x_wconf 85' lang='lat' dir='ltr'>Cic.</span> <span class='ocrx_word' id='word_1_209' title='bbox 478 3728 507 3777; x_wconf 86' lang='lat' dir='ltr'>ud</span> <span class='ocrx_word' id='word_1_210' title='bbox 527 3728 612 3794; x_wconf 75' lang='lat' dir='ltr'>Quint.</span> <span class='ocrx_word' id='word_1_211' title='bbox 631 3731 732 3780; x_wconf 82' lang='lat' dir='ltr'>fratrem</span> <span class='ocrx_word' id='word_1_212' title='bbox 752 3731 770 3780; x_wconf 91' lang='lat' dir='ltr'>l.</span> <span class='ocrx_word' id='word_1_213' title='bbox 791 3733 812 3782; x_wconf 81' lang='lat'>2.</span> <span class='ocrx_word' id='word_1_214' title='bbox 835 3735 857 3781; x_wconf 81' lang='lat' dir='ltr'>b.</span> 
     </span>
    </p>
   </div>
   <div class='ocr_carea' id='block_1_7' title="bbox 333 3807 1454 3973">
    <p class='ocr_par' dir='ltr' id='par_1_7' title="bbox 333 3807 1454 3973">
     <span class='ocr_line' id='line_1_27' title="bbox 365 3807 1454 3894; baseline 0.009 -26"><span class='ocrx_word' id='word_1_215' title='bbox 365 3820 391 3885; x_wconf 80' lang='lat' dir='ltr'>a)</span> <span class='ocrx_word' id='word_1_216' title='bbox 408 3819 456 3869; x_wconf 80' lang='lat' dir='ltr'>mo</span> <span class='ocrx_word' id='word_1_217' title='bbox 474 3820 539 3870; x_wconf 70' lang='lat' dir='ltr'>cass.</span> <span class='ocrx_word' id='word_1_218' title='bbox 559 3807 668 3872; x_wconf 81' lang='lat' dir='ltr'>xxxix.</span> <span class='ocrx_word' id='word_1_219' title='bbox 688 3824 725 3872; x_wconf 81' lang='lat' dir='ltr'>rs.</span> <span class='ocrx_word' id='word_1_220' title='bbox 745 3823 817 3874; x_wconf 77' lang='lat' dir='ltr'>conr.</span> <span class='ocrx_word' id='word_1_221' title='bbox 835 3824 886 3874; x_wconf 78' lang='lat' dir='ltr'>cn.</span> <span class='ocrx_word' id='word_1_222' title='bbox 905 3825 934 3874; x_wconf 68' lang='lat' dir='ltr'>aa</span> <span class='ocrx_word' id='word_1_223' title='bbox 953 3826 1009 3874; x_wconf 68' lang='lat' dir='ltr'>fam.</span> <span class='ocrx_word' id='word_1_224' title='bbox 1030 3827 1049 3875; x_wconf 89' lang='lat'>1.</span> <span class='ocrx_word' id='word_1_225' title='bbox 1067 3830 1090 3874; x_wconf 81' lang='lat'>4.</span> <span class='ocrx_word' id='word_1_226' title='bbox 1111 3827 1132 3885; x_wconf 84' lang='lat' dir='ltr'>r,</span> <span class='ocrx_word' id='word_1_227' title='bbox 1152 3831 1172 3878; x_wconf 79' lang='lat' dir='ltr'>a.</span> <span class='ocrx_word' id='word_1_228' title='bbox 1193 3829 1216 3890; x_wconf 80' lang='lat' dir='ltr'>a,</span> <span class='ocrx_word' id='word_1_229' title='bbox 1234 3829 1269 3878; x_wconf 79' lang='lat' dir='ltr'>aa.</span> <span class='ocrx_word' id='word_1_230' title='bbox 1288 3829 1311 3878; x_wconf 87' lang='lat'>1.</span> <span class='ocrx_word' id='word_1_231' title='bbox 1328 3817 1454 3894; x_wconf 72' lang='lat' dir='ltr'>uiQuint.</span> 
     </span>
     <span class='ocr_line' id='line_1_28' title="bbox 333 3911 616 3973; baseline 0.018 -15"><span class='ocrx_word' id='word_1_232' title='bbox 333 3911 436 3959; x_wconf 72' lang='lat' dir='ltr'>fratrem</span> <span class='ocrx_word' id='word_1_233' title='bbox 455 3912 489 3960; x_wconf 87' lang='grc' dir='ltr'>ΙΙ.</span> <span class='ocrx_word' id='word_1_234' title='bbox 511 3913 533 3973; x_wconf 80' lang='lat'>2,</span> <span class='ocrx_word' id='word_1_235' title='bbox 552 3914 575 3971; x_wconf 82' lang='lat'>3,</span> <span class='ocrx_word' id='word_1_236' title='bbox 593 3917 616 3963; x_wconf 82' lang='lat'>4.</span> 
     </span>
    </p>
   </div>
   <div class='ocr_carea' id='block_1_8' title="bbox 365 4003 1360 4346">
    <p class='ocr_par' dir='ltr' id='par_1_8' title="bbox 365 4003 983 4070">
     <span class='ocr_line' id='line_1_29' title="bbox 365 4003 983 4070; baseline 0.011 -20"><span class='ocrx_word' id='word_1_237' title='bbox 365 4003 390 4068; x_wconf 83' lang='lat'>3)</span> <span class='ocrx_word' id='word_1_238' title='bbox 407 4003 455 4051; x_wconf 89' lang='lat' dir='ltr'>Dio</span> <span class='ocrx_word' id='word_1_239' title='bbox 474 4003 582 4054; x_wconf 87' lang='lat' dir='ltr'><strong>XXXIX.</strong></span> <span class='ocrx_word' id='word_1_240' title='bbox 600 4004 640 4056; x_wconf 79' lang='lat'>27.</span> <span class='ocrx_word' id='word_1_241' title='bbox 659 4005 767 4070; x_wconf 82' lang='lat' dir='ltr'>Epitom.</span> <span class='ocrx_word' id='word_1_242' title='bbox 786 4007 839 4056; x_wconf 85' lang='lat' dir='ltr'>Liv.</span> <span class='ocrx_word' id='word_1_243' title='bbox 858 4007 912 4057; x_wconf 88' lang='lat' dir='ltr'>Lib.</span> <span class='ocrx_word' id='word_1_244' title='bbox 933 4007 983 4057; x_wconf 90' lang='lat' dir='ltr'>CV.</span> 
     </span>
    </p>

    <p class='ocr_par' dir='ltr' id='par_1_9' title="bbox 365 4094 1024 4164">
     <span class='ocr_line' id='line_1_30' title="bbox 365 4094 1024 4164; baseline 0.011 -23"><span class='ocrx_word' id='word_1_245' title='bbox 365 4096 390 4155; x_wconf 81' lang='lat'>4)</span> <span class='ocrx_word' id='word_1_246' title='bbox 409 4094 446 4142; x_wconf 83' lang='lat' dir='ltr'>De</span> <span class='ocrx_word' id='word_1_247' title='bbox 463 4094 503 4144; x_wconf 83' lang='lat' dir='ltr'>his</span> <span class='ocrx_word' id='word_1_248' title='bbox 519 4095 613 4159; x_wconf 84' lang='lat' dir='ltr'>legibus</span> <span class='ocrx_word' id='word_1_249' title='bbox 631 4097 678 4146; x_wconf 89' lang='lat' dir='ltr'>vid.</span> <span class='ocrx_word' id='word_1_250' title='bbox 694 4098 763 4146; x_wconf 87' lang='lat' dir='ltr'>Orcll</span> <span class='ocrx_word' id='word_1_251' title='bbox 782 4099 807 4147; x_wconf 91' lang='lat' dir='ltr'>in</span> <span class='ocrx_word' id='word_1_252' title='bbox 825 4098 905 4148; x_wconf 85' lang='lat' dir='ltr'>indice</span> <span class='ocrx_word' id='word_1_253' title='bbox 924 4099 1024 4164; x_wconf 83' lang='lat' dir='ltr'>Legum.</span> 
     </span>
    </p>

    <p class='ocr_par' dir='ltr' id='par_1_10' title="bbox 365 4167 794 4252">
     <span class='ocr_line' id='line_1_31' title="bbox 365 4167 794 4252; baseline 0.014 -21"><span class='ocrx_word' id='word_1_254' title='bbox 365 4187 389 4244; x_wconf 79' lang='lat'>5)</span> <span class='ocrx_word' id='word_1_255' title='bbox 405 4183 503 4249; x_wconf 84' lang='lat' dir='ltr'>Dialog.</span> <span class='ocrx_word' id='word_1_256' title='bbox 520 4185 549 4234; x_wconf 87' lang='lat' dir='ltr'>de</span> <span class='ocrx_word' id='word_1_257' title='bbox 567 4185 664 4236; x_wconf 84' lang='lat' dir='ltr'>Orator.</span> <span class='ocrx_word' id='word_1_258' title='bbox 682 4167 734 4252; x_wconf 79' lang='lat' dir='ltr'>cup.</span> <span class='ocrx_word' id='word_1_259' title='bbox 754 4190 794 4238; x_wconf 81' lang='lat'>34.</span> 
     </span>
    </p>

    <p class='ocr_par' dir='ltr' id='par_1_11' title="bbox 366 4267 1360 4346">
     <span class='ocr_line' id='line_1_32' title="bbox 366 4267 1360 4346; baseline 0.01 -24"><span class='ocrx_word' id='word_1_260' title='bbox 366 4275 392 4338; x_wconf 81' lang='lat' dir='ltr'>b)</span> <span class='ocrx_word' id='word_1_261' title='bbox 411 4275 494 4325; x_wconf 78' lang='lat' dir='ltr'>Senes.</span> <span class='ocrx_word' id='word_1_262' title='bbox 511 4267 628 4328; x_wconf 73' lang='lat' dir='ltr'>controv.</span> <span class='ocrx_word' id='word_1_263' title='bbox 643 4277 698 4327; x_wconf 89' lang='lat' dir='ltr'>Lib.</span> <span class='ocrx_word' id='word_1_264' title='bbox 717 4278 764 4328; x_wconf 86' lang='lat'>111.</span> <span class='ocrx_word' id='word_1_265' title='bbox 783 4279 822 4328; x_wconf 85' lang='lat'>19.</span> <span class='ocrx_word' id='word_1_266' title='bbox 840 4281 929 4329; x_wconf 85' lang='lat' dir='ltr'>Ascon.</span> <span class='ocrx_word' id='word_1_267' title='bbox 947 4279 972 4329; x_wconf 91' lang='lat' dir='ltr'>in</span> <span class='ocrx_word' id='word_1_268' title='bbox 991 4296 1083 4344; x_wconf 80' lang='lat' dir='ltr'>argum.</span> <span class='ocrx_word' id='word_1_269' title='bbox 1101 4279 1169 4332; x_wconf 88' lang='lat' dir='ltr'>Orat.</span> <span class='ocrx_word' id='word_1_270' title='bbox 1189 4298 1233 4346; x_wconf 91' lang='lat' dir='ltr'>pro</span> <span class='ocrx_word' id='word_1_271' title='bbox 1251 4282 1360 4333; x_wconf 84' lang='lat' dir='ltr'>Scauro.-</span> 
     </span>
    </p>
   </div>
   <div class='ocr_carea' id='block_1_9' title="bbox 0 0 1716 5188">
    <p class='ocr_par' dir='ltr' id='par_1_12' title="bbox 0 0 1716 5188">
     <span class='ocr_line' id='line_1_33' title="bbox 0 0 1716 5188; baseline 0 4"><span class='ocrx_word' id='word_1_272' title='bbox 0 0 1716 5188; x_wconf 95' lang='lat' dir='ltr'> </span> 
     </span>
    </p>
   </div>
  </div>
 </body>
</html>
