3424 5188
855 477 897 538 40

319 683 402 747 bello
433 683 600 765 abstitisse,
633 683 719 767 quod
745 685 812 765 jam
843 683 945 747 hiems
976 681 1104 747 suberat
1135 686 1166 746 et
1187 681 1342 764 ejusmodi
1365 686 1442 745 sunt
1528 653 1530 657 Ι

320 812 521 891 tempestates
543 812 740 891 consecutae,
764 809 810 872 uti
834 827 914 891 opus
935 809 1113 872 necessario
1133 808 1394 871 intermitteretur
1411 811 1442 871 et

322 933 559 996 continuatione
588 932 740 996 imbrium
763 933 885 997 diutius
907 932 968 996 sub
990 932 1126 1016 pellibus
1149 932 1266 996 milites
1288 933 1443 996 contineri

320 1077 387 1121 non
416 1062 553 1141 possent.
584 1058 678 1121 Addo
710 1059 856 1141 sequenti
879 1078 963 1121 anno
986 1057 1128 1122 Morinos
1152 1057 1236 1121 ultm
1260 1058 1380 1141 legatos
1404 1058 1443 1121 ad

324 1180 490 1246 Caesarem
512 1183 638 1248 misisse
660 1202 762 1266 eoque
782 1203 827 1265 ea,
848 1203 929 1266 quae
950 1184 1145 1266 imperasset,
1158 1201 1192 1246 se
1203 1181 1342 1246 facturos
1353 1183 1444 1266 polli-

322 1309 400 1372 citos
423 1326 493 1372 esse
513 1309 552 1390 1),
576 1308 662 1392 quod
686 1309 780 1372 etiam
803 1327 823 1371 a
843 1305 947 1371 Dione
967 1309 997 1389 2)
1018 1307 1200 1371 affirmatam.
1223 1305 1444 1390 Hoeprofeeto

323 1452 389 1496 non
419 1433 577 1515 fecissent,
605 1434 633 1497 si
654 1433 729 1516 plus
752 1433 860 1496 damni
882 1433 1066 1497 intulissent
1088 1431 1241 1496 Romanis
1265 1452 1361 1515 quam
1384 1433 1446 1516 ipsi

326 1557 365 1622 ab
388 1547 428 1622 iis
451 1559 653 1642 aceepissent.

370 1681 473 1747 Multo
502 1682 618 1746 melius
647 1701 720 1745 oum
746 1681 878 1746 Caesare
902 1684 932 1764 3)
956 1683 1168 1764 consentiunt,
1192 1700 1273 1764 quae
1295 1680 1357 1745 Dio
1381 1701 1445 1765 oap.

330 1811 372 1872 45
398 1810 437 1873 de
458 1808 540 1873 bello
563 1818 637 1871 cum
657 1808 801 1872 Venellis
820 1813 934 1872 narrat.
956 1806 1080 1889 Omnia,
1093 1827 1175 1891 quae
1186 1808 1270 1891 apud
1283 1806 1449 1872 Caesarem

329 1935 488 2018 leguntur,
513 1934 624 1998 eodem
647 1934 758 1998 ordine
781 1934 865 2017 apud
884 1932 1020 1997 Dionem
1040 1939 1210 1998 reourrunt
1228 1938 1448 2017 praeterquam

330 2059 417 2142 quod
448 2059 487 2123 de
516 2060 630 2123 timore
661 2058 770 2123 Sabini
799 2059 881 2122 dicit.
906 2057 968 2123 Sed
991 2077 1115 2142 semper
1137 2063 1168 2122 et
1190 2058 1320 2142 ubique,
1344 2060 1372 2122 si
1394 2062 1450 2122 aut
1524 2103 1529 2108 -

331 2183 445 2248 Caesar
474 2185 543 2268 ipse
574 2189 629 2248 aut
659 2186 728 2266 ejus
750 2177 873 2268 legatus
895 2203 961 2247 nou
981 2186 1087 2248 statim
1109 2204 1251 2268 pugnam
1274 2185 1450 2266 committit,

329 2308 369 2372 de
391 2309 503 2372 timore
525 2309 668 2392 loquitur
689 2328 807 2392 eosque
829 2328 973 2393 pugnare
995 2328 1061 2372 non
1084 2328 1179 2372 ausos
1202 2327 1271 2373 esse
1295 2311 1451 2393 opinatur,

331 2435 423 2517 eujus
446 2435 491 2498 rei
515 2439 580 2498 tam
603 2435 704 2498 multa
725 2435 872 2518 exempla
894 2436 1111 2515 inveniuntur,
1134 2439 1259 2498 utnon
1282 2437 1323 2498 sit
1340 2455 1452 2518 operae

330 2561 468 2643 pretium
498 2561 605 2623 omnia
633 2578 886 2623 commemorare.
919 2558 1023 2623 Semel
1053 2561 1218 2624 monuisse
1250 2565 1298 2624 sat
1319 2559 1449 2625 habebo.

331 2684 520 2749 Absurdum
544 2691 591 2750 est
614 2683 701 2768 quod
721 2686 797 2749 dicit
815 2685 975 2769 Veneitos,
994 2706 1095 2769 quum
1109 2692 1209 2749 eastra
1223 2685 1332 2750 Sabini
1344 2707 1453 2771 aggre-

333 2810 492 2892 derentur,
516 2815 674 2874 sarmenta
698 2815 729 2874 et
747 2811 834 2894 ligna
854 2830 962 2875 seeum
976 2816 1166 2894 apportasse,
1187 2816 1229 2875 ut
1247 2810 1453 2876 Romanos

333 2940 668 3014 concremarent3
701 2955 776 2999 vera
805 2936 903 3018 hujus
925 2937 971 2999 rei
993 2955 1090 2999 eausa
1112 2956 1131 2999 a
1153 2935 1284 3000 Caesare
1304 2938 1336 3018 4)
1359 2938 1455 3000 tradi-

333 3066 387 3124 tur
419 3079 542 3146 nempe,
574 3065 611 3123 ut
643 3059 745 3124 fossas
779 3058 998 3123 Romanorum
1032 3061 1216 3144 compleant.
1251 3060 1290 3124 Iu
1323 3061 1455 3144 reliquis

333 3190 440 3249 tamen
463 3185 612 3249 omnibus
635 3187 669 3248 in
692 3186 752 3249 hoo
775 3187 875 3269 eapite
897 3187 980 3250 inter
998 3185 1162 3250 Caesarem
1183 3191 1214 3250 et
1232 3185 1456 3251 Dionemoon-

333 3313 429 3394 venit,
453 3311 545 3375 ambo
568 3313 699 3376 tradunt
721 3287 876 3376 Venellos
895 3331 929 3376 se
953 3314 1060 3376 statim
1082 3316 1162 3395 post·
1175 3333 1314 3396 pugnam
1340 3312 1456 3376 Sabino

333 3438 500 3520 dedidisse,
531 3437 624 3500 ambo
656 3439 751 3502 etiam
782 3438 842 3500 hao
866 3438 1025 3502 deditione
1049 3443 1294 3502 commemorata
1315 3438 1400 3502 idem
1425 3440 1455 3519 5)

335 3562 446 3626 dieunt
475 3563 514 3627 de
536 3568 649 3628 natiue
672 3583 709 3627 ao
730 3564 837 3628 indole
862 3564 1032 3628 Gallorum.
1056 3565 1154 3648 Apud
1177 3564 1312 3629 Dionem
1335 3567 1459 3630 inveni-

370 3833 666 3898 nmaamm

370 3924 679 3989 ameummu

369 4014 736 4078 amnamnum

369 4106 674 4170 emnamm.

256 4203 257 4206 ¹
375 4197 674 4259 amnemm
