3424 5188
798 515 1014 609 ,72-

303 803 306 817 ἱ
326 724 417 785 nium
443 724 482 804 1),
512 723 567 786 sed
590 723 675 806 apud
697 691 946 786 nullum'alium
970 724 1153 806 scriptorem
1175 725 1299 808 legitur,
1323 726 1361 790 de
1384 747 1448 810 qua

326 864 360 908 re
380 847 447 926 jam
472 866 567 929 supra
591 849 622 927 2)
645 847 720 908 dixi.

372 972 520 1036 Alterum
543 972 724 1056 exemplum
748 973 838 1035 initio
859 973 932 1035 libri
951 973 1184 1056 quadragesimi
1204 975 1308 1057 quinti
1321 976 1351 1056 3)
1363 977 1448 1060 apud

328 1099 464 1180 Dionem
498 1100 691 1180 invenimur,
724 1098 780 1162 ubi
814 1099 916 1161 multa
945 1103 1097 1181 portenta,
1128 1102 1252 1164 somnia
1280 1105 1311 1164 et
1342 1104 1448 1166 omina

327 1229 443 1304 narrat,
474 1242 555 1306 queo
585 1222 625 1286 ad
654 1222 797 1286 futuram
826 1222 968 1306 Augusti
998 1223 1250 1306 magnitudinem
1280 1226 1447 1307 pertinent

328 1349 417 1413 Haec
440 1351 547 1412 omnia
567 1348 638 1430 Dio,
660 1349 771 1432 paucis
795 1349 900 1412 stultis
920 1353 951 1411 et
970 1349 1085 1431 ineptis
1105 1349 1228 1432 additis,
1244 1351 1355 1433 primis
1375 1351 1449 1414 ulti-

328 1475 455 1557 misque
479 1474 605 1537 duobus
629 1474 755 1537 omissis
778 1492 820 1536 ex
842 1472 993 1536 Suetonio
1014 1473 1045 1553 4)
1064 1473 1170 1536 hausit
1189 1478 1220 1537 et
1230 1474 1342 1538 iisdem
1356 1493 1448 1558 saepe

328 1599 434 1663 verbis
465 1599 640 1681 eodemque
669 1597 734 1661 fere
767 1597 877 1660 ordine
899 1597 933 1660 in
955 1597 1103 1660 historias
1124 1598 1254 1680 rettulit,
1278 1619 1341 1682 quo
1363 1603 1449 1683 apud

329 1725 519 1788 Suetonium
541 1726 757 1788 inveniuntur.

373 1848 512 1912 Tertium
537 1850 720 1932 exemplum
743 1848 870 1911 afferam
890 1853 920 1910 et
939 1850 973 1910 in
991 1847 1060 1929 hoc,
1081 1868 1275 1931 quamquam
1292 1850 1449 1932 permulta

332 1977 446 2039 addere
476 1995 612 2059 possem,
640 1975 737 2038 finem
760 1974 882 2038 faciam.
904 1973 1020 2037 Narrat
1042 1972 1214 2038 Suetonius
1238 1977 1268 2056 5)
1290 1980 1450 2058 patrem

331 2120 450 2164 suum
475 2099 725 2164 Suetonium
747 2098 935 2180 Laetum,
958 2101 1015 2182 qui
1037 2098 1120 2162 bello
1139 2101 1222 2162 inter
1241 2099 1458 2164 Vitelliumet·

330 2225 486 2289 Othonem
519 2225 713 2307 interfuerat,
747 2225 934 2306 ,referre
965 2225 1105 2292 solere
1137 2221 1295 2288 Othonem
1317 2225 1357 2288 ad
1381 2225 1450 2288 des-

328 2350 505 2433 piciendam
523 2351 621 2413 vitam
642 2369 711 2413 esse
729 2351 919 2412 concitatum
940 2349 1148 2432 manipularis
1164 2349 1274 2413 mihtis
1294 2350 1448 2433 exempla

329 2478 385 2559 qui
418 2496 492 2541 cum
526 2477 647 2556 cladem
678 2478 837 2540 exercitus
868 2476 963 2560 (apud
990 2475 1183 2558 Betriacum)
1205 2477 1368 2540 nuntiaret
1390 2496 1450 2540 nec

329 2603 490 2684 cuiquam
502 2601 596 2664 fidem
619 2585 743 2682 faceret,
766 2620 803 2663 ac
820 2620 908 2664 nunc
927 2600 1092 2682 mendacii,
1113 2620 1200 2664 nuno
1212 2602 1343 2682 timoris,
1357 2603 1449 2684 quasi

327 2726 463 2810 fugisset
484 2746 526 2790 ex
548 2728 623 2809 acie,
646 2732 840 2810 argueretur,
862 2725 966 2809 gladio
990 2727 1180 2809 antepedes
1204 2729 1273 2808 ejus
1295 2727 1449 2792 incubue-
1507 2795 1509 2800 ,

286 2873 293 2882 ·
327 2853 376 2914 rit.
410 2849 481 2914 Hoc
515 2853 584 2914 viso
611 2850 822 2934 proclamasse
852 2869 927 2914 eum
956 2850 1066 2932 ajebat,
1097 2870 1161 2913 non
1193 2849 1329 2936 amplius
1359 2853 1449 2915 sein

328 2976 505 3060 periculum
545 2976 623 3039 tales
657 2981 787 3058 tamque
820 2975 902 3038 bene
934 2977 1064 3038 meritos
1098 2975 1346 3056 conjecturum.'’
1379 2975 1449 3039 Hoc

327 3103 421 3182 idem,
456 3102 542 3184 quod
574 3103 630 3164 vix
665 3121 706 3165 ex
737 3100 797 3164 alio
829 3103 979 3184 scriptore
1011 3121 1108 3183 quam
1139 3120 1180 3164 ex
1206 3100 1357 3165 Suetonio
1380 3103 1449 3184 ipso

327 3228 454 3290 haurire
485 3229 596 3311 potuit,
626 3226 686 3290 Dio
711 3227 741 3307 6)
765 3228 936 3290 memoriae
959 3227 1105 3310 prodidit,
1129 3228 1243 3290 utrix
1265 3227 1369 3290 ullum
1392 3228 1449 3290 du-

328 3352 417 3415 bium
457 3353 617 3435 reliquum
651 3372 721 3417 esse
755 3353 909 3434 videatur,
945 3354 1024 3435 quin
1057 3355 1090 3416 in
1124 3355 1265 3420 historiis
1299 3357 1449 3422 Suetonio

332 3499 412 3542 usus
437 3481 485 3542 sit.

331 3671 475 3681 ——-

365 3775 389 3836 l)
410 3773 476 3821 Caes.
498 3775 538 3822 56.

363 3866 387 3929 2)
405 3866 462 3928 Pag.
484 3866 523 3913 13.

363 3957 387 4022 3)
405 3955 463 4021 Cap.
484 3957 495 4004 l
515 3962 540 4004 et
558 3957 581 4006 2.

363 4047 388 4111 4)
407 4048 507 4096 Sueton.
526 4049 587 4112 Aug.
608 4051 646 4096 94.

367 4138 390 4202 5)
409 4140 507 4187 Sueten.
527 4139 600 4188 Otho.
621 4140 658 4187 lO.

364 4229 389 4292 d)
406 4229 433 4277 D.
453 4227 479 4276 C.
500 4229 583 4277 LXIV.
603 4230 641 4288 11,
663 4231 701 4278 la.
