3424 5188
878 563 919 626 52

343 775 378 838 in
408 773 549 838 hibernis
583 773 735 837 collocare
765 773 971 856 legionesque
1002 774 1037 834 in
1065 771 1173 856 plures
1196 773 1339 836 civitates
1363 771 1467 836 distri-

343 899 448 964 buere.
480 899 567 962 Hinc
598 897 660 963 Dio
690 871 823 963 fortasse
844 886 985 981 inopiam
1006 897 1157 961 frumenti
1181 899 1318 982 sumpsit
1340 904 1371 962 et
1386 897 1467 960 illud

345 1025 383 1088 13
413 1026 602 1090 vulneribus
634 1025 783 1089 curandis
815 1029 846 1088 et
869 1024 907 1086 13
930 1023 1061 1086 auxiliis
1085 1023 1123 1086 13
1146 1042 1205 1086 333
1229 1024 1349 1107 adjecit.
1374 1021 1467 1098 Quod

342 1151 429 1214 addit
453 1149 568 1232 Gallos,
592 1150 741 1214 omnibus
763 1150 825 1212 viis
849 1149 988 1212 obsessis
1009 1149 1173 1232 excepisse
1192 1150 1323 1242 nuntios
1342 1169 1361 1211 a
1380 1147 1467 1212 Cice·

276 1324 280 1332 .
342 1296 420 1340 rone
450 1277 490 1340 31
521 1275 685 1340 Caesarem
715 1277 840 1358 missos,
871 1295 990 1360 eosque
1016 1276 1211 1340 interfecisse
1237 1277 1272 1339 in
1294 1280 1466 1359 conspectu

345 1402 504 1466 exercitus
534 1400 671 1464 Romani
702 1422 720 1465 a
752 1400 884 1464 Caesare
909 1401 938 1481 1)
962 1399 1144 1464 affirmatur.
1166 1399 1306 1463 Tandem
1327 1399 1466 1484 Nervius

344 1525 460 1608 aliquis
483 1544 574 1590 servo
597 1525 774 1609 persuadet,
797 1530 834 1588 ut
855 1525 1008 1588 nuntium
1032 1525 1071 1587 ad
1095 1523 1260 1588 Caesarem
1283 1524 1418 1608 perferat
1435 1530 1466 1588 31

344 1651 383 1714 ab
414 1652 475 1714 hoo
504 1669 597 1714 servo
630 1649 744 1714 Caesar
773 1650 812 1714 de
833 1649 973 1733 periculo
997 1649 1158 1713 Ciceronis
1180 1649 1379 1732 legionisque
1401 1667 1466 1712 cer-

344 1776 406 1838 tior
428 1774 464 1839 fit
488 1775 526 1856 1).
540 1774 670 1838 -Iladem
694 1775 732 1838 de
755 1775 871 1838 haere
893 1773 954 1838 Dio
977 1779 1008 1838 et
1028 1764 1143 1839 Caesar
1161 1775 1299 1856 tradunt,
1319 1780 1356 1838 ut
1371 1776 1465 1838 etiam

344 1903 379 1963 in
402 1900 610 1984 sequentibus
633 1901 822 1984 plerumque
844 1902 1056 1965 consentiunt.

388 2025 493 2089 Ambo
516 2031 647 2088 narrant
661 2027 701 2108 ’2)
725 2025 891 2090 Caesarem
915 2027 1021 2089 statim
1039 2027 1074 2088 in
1093 2025 1286 2089 Nerviorum
1304 2025 1385 2090 fines
1397 2045 1466 2090 esse

344 2150 518 2234 profectum
540 2152 745 2234 equitemque
765 2149 892 2215 Gallum
913 2152 1066 2215 nuntium
1086 2151 1125 2214 ad
1138 2149 1321 2214 Ciceronem
1332 2152 1466 2233 misisse,

346 2295 420 2338 cum
452 2277 584 2360 epistola
614 2275 742 2340 Graecis
773 2278 933 2360 consripta
961 2276 1074 2340 litteris
1104 2281 1142 2340 31
1163 2295 1237 2340 eum
1261 2276 1300 2339 13
1323 2275 1466 2339 Caesaris

345 2402 486 2465 adventu
509 2403 674 2466 certiorem
696 2402 797 2466 faciat.
818 2402 917 2466 Hunc
940 2404 1079 2486 equitem
1101 2406 1217 2483 monet,
1241 2403 1269 2465 si
1292 2401 1378 2465 31133
1401 2421 1466 2465 333

345 2528 454 2611 possit,
483 2532 520 2590 ut
541 2527 699 2611 tragulam
723 2547 797 2590 cum
820 2526 956 2611 epistula
979 2527 1019 2591 ad
1041 2531 1204 2590 amentum
1228 2527 1362 2609 deligata
1383 2527 1467 2589 intra

344 2653 556 2716 munitionem
586 2656 762 2716 castrorum
793 2652 925 2735 abjiciat
952 2652 1062 2736 Eques
1092 2653 1153 2716 hoc
1174 2653 1256 2734 fecit,
1278 2652 1402 2736 tragula
1426 2653 1466 2716 ad

344 2779 458 2841 tmrim
490 2778 639 2860 adhaesit,
662 2798 681 2840 3
703 2776 856 2842 Romanis
880 2783 928 2841 est
950 2779 1081 2841 inventa
1103 2783 1134 2841 et
1155 2777 1216 2840 hoc
1237 2777 1332 2840 modo
1356 2776 1465 2840 Cicero

345 2903 384 2965 de
403 2902 543 2966 adventu
558 2901 699 2967 Caesaris
712 2903 825 2965 certior
836 2907 883 2965 331
894 2901 1005 2965 factus.
1020 2900 1135 2965 Omnia
1147 2907 1183 2966 ut
1195 2902 1284 2965 vides
1295 2902 1465 2986 hucusque

344 3047 409 3090 non
443 3028 538 3090 modo
572 3028 757 3090 summatim
788 3027 842 3090 sed
875 3028 969 3090 etiam
999 3028 1033 3089 in
1063 3026 1159 3090 rebus
1192 3028 1282 3111 parvi
1314 3028 1466 3091 momenti

343 3158 414 3237 apte
437 3154 649 3234 consentiunt,
673 3152 729 3216 sed
753 3172 818 3214 una
839 3153 874 3214 in
896 3151 957 3214 hoc
980 3153 1080 3235 capite
1099 3157 1147 3215 331
1165 3171 1225 3234 333,
1244 3153 1279 3215 13
1299 3172 1362 3236 qua
1373 3173 1466 3236 prop

342 3284 428 3343 terea
452 3280 538 3363 quod
561 3278 676 3342 Caesar
699 3279 729 3342 ei
752 3298 817 3341 non
841 3283 890 3342 sat
912 3279 1073 3341 rationum
1094 3296 1203 3342 rerum
1226 3278 1356 3342 reddere
1376 3281 1465 3343 visus

343 3410 399 3487 est,
423 3404 461 3468 ab
482 3424 518 3469 eo
539 3405 693 3468 dissentit.
713 3401 776 3468 Res
793 3409 857 3466 tam
869 3405 1036 3487 perspicua
1048 3409 1095 3468 est
1107 3409 1143 3466 ut
1154 3402 1288 3468 Dionem
1302 3409 1465 3488 tamquam

343 3529 509 3610 manifesto
532 3530 765 3612 deprehensum
787 3533 961 3592 teneamus.

388 3653 502 3719 Caesar
523 3659 632 3717 narrat
655 3656 685 3736 3)
706 3673 739 3718 se
760 3654 900 3736 equitem
921 3653 1049 3717 Callum
1066 3656 1217 3718 nuntium
1229 3655 1269 3718 ad
1281 3653 1465 3719 Ciceronem

342 3782 476 3863 misisse,
500 3780 555 3843 331
578 3778 639 3843 Dio
658 3799 724 3842 non
742 3779 908 3862 intellexit,
929 3799 1027 3863 quare
1047 3799 1175 3843 servum
1193 3779 1358 3863 Nervium,
1370 3782 1463 3864 cujus

345 3985 490 3994 ———-..

376 4099 660 4164 umanum

375 4191 929 4256 333333333343

377 4283 656 4345 ammaum
