3424 5188
820 584 838 644 9

270 795 356 878 quod
390 800 439 858 est
473 798 701 878 argumentum
735 813 753 856 a
789 793 921 858 Caesare
956 800 1120 877 sumptum
1155 815 1197 858 en
1229 793 1391 856 Gallorum

269 921 367 984 animi
397 921 533 1001 levitate,
566 920 750 1002 unicuique,
774 921 917 1002 quinon
941 926 988 982 est
1011 919 1126 984 Caesar
1148 924 1204 983 aut
1226 921 1305 982 civis
1328 918 1391 981 Ro-

269 1065 395 1126 manue,
432 1046 612 1126 justissima
652 1044 809 1125 videntur,
843 1046 899 1109 sed
932 1047 1141 1110 nihilominus
1176 1045 1291 1110 Caesar
1313 1065 1392 1108 ⁴nou

270 1170 401 1251 dubitat,
431 1171 521 1234 nulla
552 1170 614 1233 alia
645 1189 741 1233 causa
771 1171 885 1253 addita,
908 1170 1065 1254 proficisci
1088 1174 1121 1235 in
1144 1172 1260 1255 Belgas
1284 1176 1315 1235 et
1338 1189 1392 1234 eos

269 1300 304 1360 in
334 1293 520 1380 potestatem
551 1296 660 1379 populi
691 1295 828 1359 Romani
857 1297 1006 1380 redigere.
1038 1299 1185 1361 Alterum
1208 1299 1392 1381 exemplum

269 1424 453 1486 invenimus
483 1423 517 1486 in
544 1422 655 1486 eodem
686 1421 766 1485 libro
797 1441 861 1505 cap.
894 1424 954 1484 34:
983 1422 1129 1503 „Eodem
1153 1411 1293 1506 tempore
1316 1444 1335 1486 a
1356 1422 1391 1485 P.

270 1548 391 1630 Crasse,
416 1568 512 1631 quem
535 1568 607 1612 cum
631 1549 757 1632 legione
780 1568 846 1611 una
864 1550 994 1613 miserat
1015 1550 1055 1612 ad
1071 1549 1220 1631 Venetos,
1232 1549 1393 1630 Venellos,

275 1672 427 1756 Osismos,
450 1672 664 1754 CuriosolitaS,
686 1671 833 1754 Esubios,
853 1672 1019 1754 Aulercos,
1035 1671 1193 1755 Redones,
1211 1693 1292 1756 quae
1314 1679 1390 1736 sunt

270 1800 460 1863 maritumae
478 1800 620 1862 civitates
645 1797 873 1881 Oceanumque
895 1799 1064 1881 attingunt,
1088 1801 1202 1862 certior
1223 1799 1326 1862 factus
1346 1804 1394 1862 est

273 1945 383 1989 omnes
407 1944 459 1989 eas
482 1927 625 1989 civitates
649 1927 683 1988 in
704 1926 861 1989 dicionem
872 1930 1124 2008 potestatemque
1136 1926 1246 2009 populi
1256 1924 1392 1989 Romani

271 2071 340 2115 esse
373 2050 544 2115 redactas.'’
582 2050 631 2114 Ne
661 2031 794 2114 verbum
826 2051 955 2133 quidem
984 2050 1078 2114 addit
1109 2049 1150 2113 Et
1173 2050 1311 2133 profecto
1335 2053 1394 2113 rni-

256 2180 359 2242 ¹nime
381 2197 510 2242 necesse
534 2182 600 2241 erat
622 2177 700 2240 tales
724 2196 836 2240 causas
858 2176 987 2260 fingere,
1008 2197 1110 2260 quum
1127 2196 1237 2240 omnes
1248 2176 1393 2258 Romani,

272 2305 357 2367 cives
382 2305 442 2383 sui,
466 2303 526 2368 hoc
549 2303 609 2366 sibi
631 2322 820 2385 persuasum
841 2302 999 2366 habebant
1018 2308 1160 2386 oportere
1179 2322 1288 2366 omnes
1308 2301 1394 2366 bar-

272 2428 396 2509 baros
429 2429 465 2488 in
495 2431 681 2510 potestatem
709 2426 819 2509 populi
848 2425 984 2488 Romani
1015 2427 1123 2510 redigi.
1157 2425 1264 2501 Quum
1297 2429 1396 2511 igitur

272 2555 359 2618 nulla
383 2556 425 2618 sit
448 2574 552 2632 causa,
575 2573 633 2617 cur
655 2554 687 2616 in
709 2555 814 2617 causis
833 2553 988 2617 bellorum
1009 2555 1202 2635 enarrandis,
1213 2554 1292 2617 falsa
1303 2554 1395 2618 nobis

272 2681 415 2761 traderet,
438 2682 531 2744 etiam
556 2683 663 2744 minus
687 2679 836 2744 credibile
858 2685 906 2744 est
929 2699 1001 2743 eum
1025 2680 1085 2743 hoo
1107 2680 1220 2744 fecisse
1242 2682 1276 2743 in
1299 2681 1395 2744 rebus

272 2794 496 2887 describendis,
520 2825 601 2888 quae
626 2804 707 2868 bello
730 2810 837 2887 gestae
860 2810 944 2886 sunt,
969 2810 1003 2868 ut
1025 2805 1142 2868 famam
1167 2825 1258 2868 suam
1279 2810 1309 2868 et
1329 2806 1396 2888 glo-

271 2931 352 2992 riam
376 2935 512 3013 augeret.
536 2929 609 2993 Non
632 2933 715 2994 enim
741 2936 806 2993 tam
826 2933 931 2995 tenuis
951 2950 1056 3014 neque
1075 2931 1193 2994 infirmi
1210 2933 1308 2994 animi
1322 2935 1396 3013 erat,

271 3062 307 3119 ut
329 3075 395 3118 non
416 3057 605 3140 intelligeret
629 3075 672 3138 se,
694 3058 790 3120 tantis
812 3056 907 3120 rebus
927 3059 1024 3141 gestis
1044 3063 1141 3140 atque
1159 3062 1205 3120 tot
1226 3062 1330 3120 ettam
1344 3056 1396 3119 fir-

271 3183 333 3244 mis
355 3180 481 3264 populis
504 3181 644 3260 devictis,
668 3181 820 3243 incolumi
842 3182 942 3264 gloria
965 3187 996 3245 et
1018 3183 1137 3245 virtute
1160 3181 1279 3264 bellica,
1299 3181 1397 3245 libere

271 3327 365 3391 posse
400 3306 551 3389 confiteri,
584 3327 617 3370 se
651 3307 822 3390 aliquando
853 3310 961 3371 minus
990 3327 1138 3391 prospere
1161 3327 1228 3371 rem
1250 3309 1395 3390 gessisse.

272 3433 374 3496 Aliter
402 3452 472 3496 sese
495 3452 546 3497 res
569 3431 663 3495 habet
685 3435 719 3495 in
742 3434 976 3496 commentariis
1001 3434 1039 3496 de
1062 3433 1144 3497 bello
1167 3434 1260 3496 civili.
1284 3433 1324 3495 In
1347 3433 1397 3495 his

273 3579 369 3642 quam
400 3560 539 3622 manime
567 3558 636 3622 fieri
658 3563 761 3641 potest
784 3579 845 3621 sua
866 3559 1009 3622 interluit
1030 3560 1117 3642 pacis
1141 3559 1397 3622 amantissimum

271 3684 373 3747 videri
403 3689 434 3747 et
463 3683 589 3748 tandem
622 3685 770 3765 invitum,
793 3685 980 3747 necessitate
1004 3688 1146 3746 coactum
1172 3689 1203 3746 et
1225 3683 1264 3746 ab
1288 3677 1397 3746 adver-

273 3811 363 3873 sariis
387 3809 470 3872 ultro
494 3809 677 3872 lacessitum
701 3810 740 3871 ad
764 3829 851 3872 arma
873 3810 1055 3890 recurrisse,
1075 3815 1112 3872 ut
1130 3810 1184 3890 jus
1209 3815 1239 3872 et
1262 3809 1397 3872 salutem

274 3954 365 3999 suam
390 3934 578 3999 defenderet.
601 3934 715 4017 ltaque
737 3935 771 3996 in
797 3935 982 4017 quaestione
1006 3934 1202 3997 instituenda
1226 3934 1264 3997 de
1283 3932 1397 3997 Dionis

271 4060 333 4124 fide
364 4080 418 4125 eos
447 4061 572 4141 seclusi,
605 4075 800 4143 quamquam
824 4060 902 4122 mihi
927 4061 1003 4123 satis
1027 4064 1150 4122 constat
1173 4061 1267 4123 etiam
1290 4060 1341 4122 hic
1362 4061 1397 4123 in

270 4188 450 4250 narratione
484 4205 599 4267 rerum,
631 4205 712 4269 quae
744 4184 824 4249 bello
856 4191 963 4268 gestae
990 4191 1074 4266 sunt,
1099 4185 1224 4249 Caesari
1247 4187 1397 4267 majorem

271 4310 368 4374 fidem
392 4330 461 4374 esse
483 4310 661 4374 habendam
684 4331 780 4393 quam
800 4308 896 4374 Dioni
917 4316 972 4373 aut
993 4311 1139 4394 Appiano
1153 4317 1209 4375 aut
1219 4310 1398 4374 Plutarcho.
