3424 5188
860 546 900 609 62

319 764 447 842 gentem
470 777 504 822 se
526 764 597 842 post
619 758 796 822 discessum
819 759 1016 840 Aeduorum,
1039 760 1096 841 qui
1118 760 1158 822 iis
1182 764 1291 822 contra
1311 758 1443 823 Vercin-

319 887 492 969 getorigem
516 886 638 949 auxilio
662 891 823 967 venerant,
847 887 953 979 statim
976 905 1049 948 cum
1069 887 1223 949 Arvernis
1240 887 1389 968 J'unxisse
1403 885 1443 967 1),

321 1010 406 1093 quod
429 1012 531 1094 prima
553 1030 664 1074 eorum
687 1012 870 1074 incursione
892 1012 925 1073 in
947 1010 1132 1095 Biturigum
1149 1010 1230 1075 fines
1249 1011 1370 1075 factum
1387 1017 1442 1075 est

364 1133 425 1198 Dio
457 1135 571 1199 deinde
602 1137 706 1199 statim
735 1136 775 1199 ad
798 1136 928 1198 Avarici
952 1135 1149 1199 obsidionem
1171 1137 1293 1217 transit,
1316 1135 1442 1199 omissis

319 1259 477 1341 omnibus,
502 1279 583 1344 quae
606 1258 721 1324 Caesar
743 1280 808 1344 cap.
831 1261 961 1323 10-13
984 1265 1098 1323 narrat.
1120 1258 1208 1335 Quae
1230 1260 1269 1324 de
1287 1260 1347 1323 hae
1360 1259 1443 1324 obsi-

319 1386 413 1448 dione
443 1386 538 1449 tradit
569 1392 617 1450 sat
639 1385 720 1449 bene
743 1407 816 1450 cum
841 1385 973 1450 Caesare
997 1388 1027 1467 2)
1051 1387 1263 1468 consentiunt,
1287 1387 1315 1449 si
1337 1405 1440 1449 unum

319 1512 450 1594 excipis,
474 1512 560 1595 quod
584 1512 622 1575 de
645 1513 882 1596 expugnatione
900 1513 970 1595 ipsa
988 1517 1101 1575 narrat.
1122 1510 1208 1575 Dicit
1227 1513 1313 1576 enim
1325 1511 1441 1576 milites

318 1635 479 1701 Romanos
510 1637 548 1700 ab
573 1639 810 1721 expugnatione
833 1638 932 1702 effuso
954 1637 1055 1702 imbre
1080 1639 1114 1700 in
1138 1642 1239 1701 castra
1263 1655 1333 1701 esse
1356 1655 1441 1700 com-

318 1763 428 1845 pulsos
459 1768 490 1826 et
513 1763 619 1827 Gallos
643 1763 755 1827 deinde
778 1766 872 1828 etiam
894 1765 930 1826 in
953 1763 1063 1826 domos
1087 1783 1162 1827 suas
1186 1781 1255 1826 esse
1278 1763 1438 1844 coercitos,

320 1906 383 1968 quo
405 1885 488 1949 facto
511 1886 648 1950 Romani
669 1890 774 1952 statim
793 1891 919 1952 moenia
938 1889 1016 1953 viris
1035 1889 1155 1953 nudata
1175 1889 1316 1972 aggressi
1329 1885 1441 1952 urbem

319 2017 478 2094 ceperimt.
513 2012 611 2096 Apud
641 2012 806 2078 Caesarem
838 2016 868 2096 3)
900 2019 1007 2078 autem
1038 2014 1175 2097 legimus
1198 2013 1285 2077 hunc
1306 2011 1440 2076 imbrem

318 2154 384 2197 non
416 2136 561 2200 inutilem
598 2136 638 2199 ad
671 2137 782 2201 urbem
813 2139 997 2221 capiendam
1029 2139 1137 2220 fuisse,
1170 2139 1256 2221 quod
1279 2138 1442 2202 custodiae

317 2261 412 2343 paulo
442 2261 602 2325 incautius
633 2263 667 2325 in
698 2281 790 2326 muro
814 2263 982 2346 dispositae
1003 2269 1099 2327 erant.
1122 2263 1211 2326 Nihil
1230 2264 1306 2329 dicit
1326 2264 1364 2327 de
1382 2264 1442 2326 mi-

318 2386 437 2468 litibus,
472 2389 527 2470 qui
561 2388 663 2452 imbre
695 2389 729 2451 in
759 2393 861 2452 castra
891 2389 1053 2453 redierunt
1084 2381 1189 2472 neque
1221 2389 1370 2453 credibile
1394 2395 1441 2453 est

318 2512 433 2576 milites
455 2519 630 2596 veteranos,
654 2514 750 2578 duros
774 2516 929 2596 homines,
952 2517 1008 2597 qui
1029 2535 1154 2579 summa
1172 2516 1323 2599 patientia
1334 2518 1441 2578 aestus

318 2643 349 2702 et
377 2638 495 2723 frigora
516 2640 665 2722 ferebant,
688 2640 749 2704 hoc
770 2640 890 2704 fecisse.
915 2640 1061 2704 Fortasse
1083 2639 1220 2705 Dionem
1243 2642 1277 2703 in
1302 2659 1440 2704 errorem

317 2765 455 2847 induxit,
486 2766 572 2849 quod
603 2765 717 2830 Caeam
739 2769 771 2846 4)
805 2767 886 2828 dixit
909 2785 943 2830 se
965 2765 1066 2830 imbre
1088 2771 1194 2829 oodrto
1218 2786 1294 2829 suos
1315 2766 1440 2850 langui-

317 2891 390 2954 dius
414 2891 446 2953 in
471 2909 563 2974 opere
585 2893 705 2954 versari
723 2893 867 2974 jussisse.
890 2890 1056 2956 Praeterea
1075 2896 1300 2954 commemorat
1320 2891 1441 2974 aliquid

318 3035 388 3080 esse
409 3015 538 3098 factum,
561 3036 663 3099 quum
684 3017 860 3079 Avaricum
879 3017 946 3099 jam
971 3015 1176 3098 obsideretur,
1201 3016 1287 3098 quod
1309 3035 1343 3079 re
1366 3033 1441 3078 vera

318 3145 391 3203 ante
423 3139 619 3204 obsidionem
649 3140 768 3204 factum
797 3145 852 3204 cst.
877 3139 965 3203 Dicit
990 3140 1096 3204 Gallos
1121 3141 1228 3202 omnia
1250 3159 1314 3202 non
1339 3138 1443 3203 solum

318 3285 410 3348 agros
433 3266 594 3348 vicosque,
618 3265 786 3329 sedetiam
808 3265 905 3328 urbes
925 3265 1114 3346 incendisse,
1126 3265 1213 3327 unde
1224 3263 1347 3347 aliquid
1357 3283 1442 3328 com-

318 3390 406 3454 modi
433 3389 570 3454 Romani
600 3409 711 3473 capere
740 3395 879 3473 possent,
909 3395 947 3454 ut
976 3390 1180 3473 pabulatione
1210 3395 1242 3454 et
1263 3395 1441 3454 commeatu

316 3514 452 3580 Romani
484 3515 719 3600 prohibeantur.
754 3514 847 3591 Quod
883 3515 1014 3580 Caesare
1051 3517 1080 3597 5)
1115 3521 1243 3580 auctore
1268 3517 1335 3598 jam
1368 3520 1440 3578 ante

320 3769 465 3782 ——nu-v—-n

351 3931 641 3999 nasama

351 4021 729 4090 amnamuum

351 4113 654 4179 ammarum

351 4203 662 4272 omnama.

353 4297 662 4356 amaumma
