3424 5188
699 532 856 622 ¹u

274 741 438 805 Hortensii
460 747 515 805 aut
538 741 619 804 alius
644 742 810 822 cujusdam
834 743 974 804 oratione
996 762 1077 805 usus
1097 746 1153 824 est,
1174 742 1243 806 aliis
1262 742 1340 805 Iocis
1358 762 1399 805 ex

274 866 415 930 Caesaris
450 867 684 930 commentariis
719 867 833 948 hausit,
865 868 957 948 cujus
988 868 1034 930 rai
1064 867 1210 949 exenrpla
1237 868 1399 950 inpriore

275 994 375 1075 capite
396 994 514 1074 passim
539 993 756 1054 Inveniuntur.

319 1095 360 1180 2⁰}
383 1117 493 1180 Altera
514 1136 611 1180 causa
631 1119 772 1182 veritatis
795 1117 943 1180 celandae
967 1123 1021 1180 aut
1045 1117 1278 1200 detorquendao
1296 1117 1398 1181 multo

274 1245 400 1327 gravior
423 1247 477 1306 est.
503 1241 619 1305 Oderat
643 1241 808 1306 Caesarem
831 1247 862 1305 et
885 1261 922 1306 ea
944 1242 983 1306 de
1006 1261 1103 1306 causa
1125 1242 1228 1304 multa
1247 1244 1276 1305 ei
1295 1244 1399 1325 impu-

253 1361 361 1446 tavit,
393 1384 474 1448 quae
497 1385 562 1428 non
585 1365 688 1429 solum
713 1366 751 1428 ab
776 1385 812 1429 eo
834 1386 900 1429 non
923 1366 1004 1429 facta
1026 1367 1081 1430 sed
1104 1386 1146 1430 ne
1170 1368 1305 1450 cogitata
1329 1369 1399 1450 qui-

276 1491 348 1553 dem
376 1495 459 1553 sunt.
493 1488 693 1573 Quantopere
723 1492 757 1552 in
789 1491 921 1554 historia
948 1491 1123 1554 enarranda
1146 1510 1252 1555 amore
1275 1498 1306 1555 et
1328 1493 1399 1556 odio

276 1616 391 1679 ductus
421 1616 524 1697 luent,
556 1618 781 1698 unusquisque
804 1617 909 1679 statim
933 1616 1061 1698 ridebit,
1085 1617 1257 1680 dummodo
1280 1616 1400 1700 legerit,

277 1761 357 1824 quae
381 1741 419 1804 de
443 1743 592 1825 Augusto
615 1746 646 1803 et
671 1741 710 1804 de
733 1739 882 1803 Cicerone
904 1745 1019 1823 narrat,
1040 1761 1233 1824 quamquam
1254 1743 1349 1805 etiam
1365 1744 1400 1804 in

277 1863 408 1928 Caesare
432 1866 508 1928 satis
532 1870 666 1947 apparet.
691 1863 869 1948 Malignum
892 1865 952 1928 fert
967 1866 1126 1947 judicium
1146 1866 1185 1930 de
1202 1867 1271 1948 ejus
1284 1872 1399 1930 natura

276 1996 307 2054 et
337 1991 443 2053 indole
477 1990 516 2072 1),
547 1991 686 2073 maligne
713 1995 820 2053 namot
843 2008 924 2072 quae
948 1989 1080 2054 Caesare
1103 1995 1246 2072 praetore
1268 1992 1302 2053 in
1325 1990 1401 2054 His-

275 2119 369 2201 pania
402 2117 484 2181 facta
515 2123 592 2180 sunt
616 2118 656 2199 2),
687 2117 857 2180 admodum
883 2117 1021 2200 maligne
1044 2118 1120 2180 dicit
1142 2116 1309 2181 Eburones
1331 2123 1400 2180 tum

275 2243 354 2324 nihil
376 2244 524 2324 movisse,
549 2263 649 2326 quum
673 2242 786 2306 Caesar
809 2244 843 2304 in
866 2261 920 2306 eos
943 2243 1101 2325 profectus
1122 2248 1170 2306 ost
1190 2244 1220 2322 3)
1241 2247 1272 2305 et
1290 2241 1401 2306 multis

276 2369 345 2434 aliis
378 2369 456 2432 locis
487 2388 538 2432 res
570 2371 615 2432 ita
644 2373 760 2450 narrat,
790 2375 827 2432 ut
857 2373 913 2431 aut
941 2370 1009 2451 ipse
1033 2367 1199 2431 Caesarem
1221 2369 1401 2450 vituperare

277 2495 386 2576 possit,
411 2499 466 2556 aut
487 2493 585 2557 lector
608 2493 737 2576 quidem
756 2512 830 2556 eum
848 2495 1013 2577 vituperet.
1033 2491 1121 2555 Huic
1139 2493 1185 2555 rei
1197 2492 1402 2555 alteracausa

279 2618 406 2682 accedit.
439 2617 621 2682 Verisimile
651 2623 699 2681 est
720 2616 856 2681 Dionem
879 2619 989 2680 multis
1012 2617 1090 2680 locis
1114 2616 1297 2680 adhibuisse
1321 2615 1399 2680 Sue-

276 2745 409 2823 tonium,
441 2763 581 2826 eramque
612 2745 712 2828 igitur
741 2746 905 2829 cognitum
932 2744 1082 2808 habuisse
1102 2744 1261 2827 judicium
1285 2743 1401 2807 Pollio-

275 2872 326 2934 nis
349 2837 380 2950 4)
405 2871 444 2934 de
468 2869 610 2934 Caesaris
633 2872 877 2952 commentariis,
901 2871 940 2934 de
963 2891 1026 2953 qua
1047 2890 1082 2934 re
1104 2870 1199 2953 paulo
1219 2873 1291 2952 post
1309 2889 1401 2932 accu-
1429 2881 1432 2886 '

274 2998 375 3059 ratius
398 3016 499 3078 agam,
522 2995 576 3058 sed
599 2996 689 3077 prius
712 2997 822 3078 paucis
845 2996 999 3078 exemplis
1024 2995 1239 3058 demonstrare
1263 2993 1402 3057 conabor

275 3119 419 3184 Suetonii
451 3121 585 3202 vestigia
617 3138 652 3182 re
684 3139 760 3183 vera
790 3121 825 3182 in
854 3119 967 3184 Dionis
997 3119 1087 3183 libris
1110 3121 1257 3184 inveniri.
1282 3119 1398 3182 Narrat

274 3243 335 3307 Dio
360 3246 390 3325 5)
414 3243 588 3320 Caesarem,
612 3245 639 3307 si
662 3264 727 3328 qua
750 3245 906 3308 occultius
929 3244 1113 3328 perferenda
1135 3249 1233 3326 erant,
1257 3246 1292 3306 in
1316 3245 1397 3326 epis-

274 3370 350 3433 tulis
382 3389 506 3452 semper
530 3374 678 3452 quartum
703 3370 931 3433 elementorum
956 3370 1101 3451 litteram,
1124 3371 1206 3434 idest
1228 3369 1258 3432 D
1281 3389 1337 3453 pro
1360 3370 1401 3451 A,

274 3502 305 3559 et
337 3496 467 3579 perinde
500 3494 639 3578 reliquas
675 3501 896 3559 commutasse.
931 3494 1022 3570 Quod
1054 3497 1148 3559 etiam
1179 3496 1264 3579 apud
1288 3495 1400 3559 Sueto-

278 3735 422 3744 ——-—-—-

309 3915 332 3975 1)
350 3915 379 3965 Ι).
397 3914 424 3963 C.
444 3914 566 3964 XXXVII.
586 3915 628 3966 37.
647 3916 784 3966 XXXVIII.
806 3916 844 3980 ll.

309 4007 333 4068 2)
351 4006 380 4054 D.
398 4004 425 4054 C.
444 4005 570 4056 XXXVII.
592 4007 630 4066 52,
651 4009 689 4057 63.

309 4099 334 4158 3)
352 4098 380 4146 D.
398 4096 425 4145 C.
445 4097 494 4148 XL.
513 4098 552 4146 32.
572 4097 620 4146 vid.
639 4113 694 4162 pag.
713 4098 753 4146 60,

308 4192 335 4246 4)
355 4187 408 4236 Vid.
427 4204 481 4253 pag.
501 4189 523 4237 2.
543 4205 591 4252 sqq.

310 4282 333 4339 t)
354 4279 383 4328 D.
402 4277 429 4327 C.
448 4278 497 4328 XL.
517 4281 540 4328 9.
