3424 5188
798 609 817 668 5

254 817 390 897 comitia,
423 808 650 900 interregnum,
673 818 878 899 majestatem,
900 822 996 880 totam
1021 817 1159 900 denique
1181 837 1249 881 rem
1272 817 1376 900 publi·
1427 805 1429 810 ’

253 961 323 1004 cam
346 941 437 1004 flocci
460 960 524 1004 non
547 940 670 1005 faoere’‘
693 942 730 1022 1).
752 941 882 1006 Constat
901 948 1006 1006 autem
1028 941 1179 1006 Catonem
1191 946 1376 1005 accusatum

254 1085 323 1130 esse
354 1085 396 1130 ex
425 1065 551 1152 legibus
581 1065 672 1129 Fufia
702 1071 733 1130 et
760 1065 859 1130 Junia
880 1065 1005 1129 Licinia
1027 1085 1069 1129 ex
1091 1068 1140 1148 iis,
1164 1085 1246 1149 quae
1269 1064 1376 1129 Cicero

252 1193 292 1255 ad
324 1192 470 1256 Atticum
500 1193 626 1275 scripsit
650 1193 698 1272 2t:
734 1190 855 1272 ,Nunc
885 1193 925 1256 ad
956 1211 1001 1274 ea,
1025 1212 1107 1276 quae
1131 1194 1258 1275 quaeris
1282 1193 1320 1255 de
1344 1190 1376 1254 C.

252 1318 386 1384 Catone:
408 1318 477 1402 lege
500 1317 600 1380 Junia
621 1323 652 1381 et
674 1316 796 1380 Licinia
818 1319 880 1382 scis
901 1317 1099 1396 absolutum3
1120 1318 1211 1382 Fufia
1236 1338 1293 1402 ego
1319 1318 1377 1382 tibi

252 1445 366 1508 nuntio
397 1442 579 1508 absolutum
610 1442 659 1525 iri,
681 1462 788 1526 neque
809 1444 1003 1526 patronis
1027 1444 1117 1507 suis
1141 1448 1221 1506 tam
1244 1443 1376 1516 liben-

250 1569 386 1650 tibus,
418 1588 538 1652 quam
570 1567 927 1631 accusatoribus.'’
958 1569 1168 1652 Perspicuum
1198 1569 1297 1652 igitur
1329 1574 1376 1632 est

251 1694 379 1760 Catonis
402 1712 519 1758 nomen
543 1713 561 1756 a
582 1692 799 1776 compluribus
819 1693 1055 1774 accusatoribus
1075 1713 1145 1758 esse
1165 1694 1304 1757 delatum
1320 1693 1376 1757 sed

252 1821 338 1904 quod
369 1839 479 1884 eorum
511 1821 642 1882 nomina
672 1839 834 1902 nusquam
858 1825 1009 1903 apparent
1032 1819 1107 1883 inde
1131 1819 1277 1902 colligere
1300 1838 1373 1902 pos-

251 1966 365 2010 sumus
396 1945 573 2010 Pollionem
604 1946 780 2028 principem
811 1949 1031 2008 accusatorum
1053 1944 1160 2008 fuisse.
1186 1943 1279 2020 Quod
1301 1964 1373 2028 pro·

250 2073 330 2136 fecto
362 2091 428 2135 non
458 2071 579 2152 fuisset,
610 2071 638 2134 si
668 2069 707 2133 ab
732 2091 815 2134 anno
841 2070 880 2132 56
904 2071 1071 2153 usquead
1095 2089 1217 2134 annum
1241 2071 1370 2133 alnon

248 2196 368 2261 Romae
398 2197 550 2261 sedeam
575 2195 707 2259 Caesare
728 2197 762 2258 in
787 2195 889 2258 Callia
911 2196 1009 2258 vitam
1032 2196 1155 2279 egisset.
1179 2194 1277 2260 Hisce
1297 2196 1373 2277 jam,

249 2327 287 2386 ut
310 2321 442 2404 confide,
466 2320 614 2405 probatis,
636 2340 693 2404 pro
714 2325 798 2384 certo
817 2319 974 2383 affirmare
993 2321 1050 2382 vir
1070 2318 1180 2383 dubito
1193 2320 1371 2383 Pollionem

250 2447 374 2511 Caesari
406 2466 471 2510 non
502 2447 666 2530 cognitum
688 2445 787 2509 fuisse
810 2450 883 2508 ante
906 2445 1052 2508 ultimam
1075 2449 1195 2528 partem
1220 2446 1296 2507 anni
1323 2445 1373 2526 54,

249 2573 305 2638 sed
338 2593 373 2637 eo
406 2573 533 2637 demum
566 2591 649 2635 anno
681 2573 713 2634 in
744 2573 812 2654 eJ'us
836 2571 1080 2634 familiaritatem
1107 2590 1177 2635 esse
1200 2577 1374 2654 acceptum,

249 2701 365 2783 quippe
395 2699 451 2782 qui
482 2698 591 2760 invitis
623 2696 755 2760 Caesare
785 2702 816 2760 et
844 2695 996 2778 Pompojo
1028 2701 1060 2759 et
1083 2695 1195 2760 Crasso
1221 2693 1371 2759 Catonem

247 2825 417 2907 accusavit,
441 2823 497 2887 scd
519 2829 628 2907 postea
650 2824 782 2906 gavisus
806 2828 854 2886 est
877 2843 952 2886 eum
975 2841 1045 2887 esse
1068 2821 1258 2886 absolutum.

291 2951 442 3034 Superest
473 2951 624 3033 quaestio,
654 2943 764 3013 utrum
797 2956 874 3014 tuno
903 2952 939 3012 in
974 2950 1107 3014 Galliam
1141 2950 1301 3034 profectus
1333 2953 1374 3014 sit

246 3095 287 3139 an
309 3075 429 3140 Romae
451 3077 647 3156 remanserit,
671 3076 796 3158 desque
818 3076 897 3139 nihil
916 3077 993 3139 certi
1013 3075 1163 3139 affirmari
1184 3081 1295 3160 potest.
1310 3075 1372 3140 Sed

247 3204 274 3265 si
307 3207 493 3284 reputemus
528 3199 653 3264 Caesari
687 3201 788 3264 multo
819 3203 920 3284 magis
951 3221 1031 3284 opus
1062 3201 1161 3264 fuisse
1193 3200 1371 3265 oratoribus

245 3327 364 3391 Romae
394 3347 490 3410 quam
514 3325 670 3389 militibus
693 3328 728 3388 in
752 3328 904 3408 exercitu,
925 3327 1097 3390 verisimile
1120 3331 1168 3390 est
1190 3325 1368 3389 Pollionem

244 3453 279 3514 in
312 3451 390 3516 urbe
419 3453 611 3515 remansisse
641 3455 673 3514 et
694 3471 760 3514 una
783 3470 856 3513 cum
881 3450 1028 3533 Curione,
1053 3450 1161 3514 Cassio
1185 3456 1216 3514 et
1239 3451 1309 3514 aliis
1335 3469 1369 3514 se

243 3577 429 3641 Ravennam
460 3577 500 3639 ad
531 3575 696 3640 Caesarem
727 3576 907 3640 contulisse.
932 3575 989 3640 Sin
1013 3581 1119 3640 autem
1143 3575 1225 3640 bello
1250 3575 1370 3638 Gallico

243 3721 308 3765 non
339 3701 482 3767 interfuit
512 3702 680 3794 nulla0est
702 3721 798 3765 causa
821 3721 878 3766 cur
901 3721 975 3765 eum
1000 3701 1038 3765 de
1062 3702 1121 3764 hoc
1145 3701 1227 3765 bello
1250 3700 1369 3764 librum

243 3831 469 3914 conscripsisse
491 3834 687 3912 putaremus,
708 3829 891 3911 praesertim
919 3847 1020 3910 quum
1044 3827 1082 3890 de
1105 3827 1160 3889 illc
1179 3824 1259 3888 libro
1280 3825 1371 3887 nulla

243 3957 373 4018 omnino
405 3957 524 4020 mentio
554 3974 692 4038 usquam
721 3953 785 4036 fiat,
816 3954 871 4018 sed
902 3955 1010 4016 omnia
1038 3972 1120 4036 quae
1144 3973 1163 4015 a
1186 3952 1369 4036 posterioris

245 4137 389 4146 ω...-

276 4253 301 4308 lb
320 4251 371 4300 Cic.
391 4251 420 4300 ad
440 4254 492 4301 art.
512 4251 553 4299 lV.
575 4251 611 4300 lt.
631 4253 654 4298 4.
694 4291 698 4300 .

274 4343 299 4398 21
317 4343 367 4391 Cic.
386 4343 415 4392 ad
436 4345 486 4392 An.
505 4342 547 4391 lv,
566 4342 607 4390 111.
629 4345 649 4389 5.
