3424 5188
857 531 876 589 8

308 735 376 799 1666
401 741 506 799 autem
531 737 569 800 de
592 738 690 801 totius
713 697 816 819 operis
840 737 972 800 consilio
996 741 1027 798 61
1051 736 1236 798 auctoritate
1259 733 1372 814 dicam,
1394 737 1431 795 ut

309 865 455 942 appareat
487 859 612 924 Caesari
637 861 761 924 nullam
783 862 882 925 fnisse
905 881 1043 942 causam,
1066 861 1179 923 curin
1202 858 1242 922 iis
1265 859 1431 922 veritatem

312 985 433 1049 celaret.
467 985 582 1069 Scripti
611 990 688 1050 sunt
719 1006 803 1050 anno
839 988 877 1049 51
912 1007 937 1050 a.
969 985 1039 1049 Chr.
1063 1006 1093 1048 n.
1120 986 1148 1065 1)
1172 1004 1209 1049 eo
1230 985 1433 1068 potissimum

311 1113 451 1194 consiliu,
482 1118 519 1176 ut
548 1111 684 1176 Romani
716 1115 833 1177 scirent
864 1131 945 1196 quae
967 1133 1023 1196 per
1046 1117 1115 1176 octo
1138 1113 1307 1174 continuos
1331 1129 1432 1173 annos

310 1240 345 1300 in
379 1237 481 1301 Gallia
509 1244 650 1322 gesserat
679 1245 710 1303 et
741 1241 817 1304 editi
848 1240 959 1303 eedem
982 1258 1065 1302 anno
1090 1239 1180 1322 prins
1206 1257 1302 1320 quam
1325 1241 1432 1319 aperta

312 1364 469 1427 discordia
498 1366 585 1454 inter
604 1364 769 1429 Caesarem
792 1370 823 1428 61
843 1365 1031 1448 PompeJnm
1056 1369 1123 1427 orta
1146 1368 1224 1444 erat,
1248 1362 1334 1445 quod
1357 1362 1433 1424 satis

312 1489 528 1553 demonstrant
550 1490 647 1554 verba
669 1492 769 1574 ipsius
794 1489 935 1553 Caesaris
959 1489 990 1570 2)
1014 1488 1053 1552 de
1074 1488 1172 1552 rebus
1191 1488 1323 1552 urbanis
1342 1488 1432 1549 initio

313 1615 389 1676 anni
421 1616 471 1676 52.
498 1663 513 1694 „
525 1612 633 1688 Quum
653 1616 718 1697 jam
741 1615 794 1679 ille
818 1613 953 1695 (Caesar)
976 1612 1116 1686 urbanas
1138 1632 1189 1676 res
1213 1613 1332 1676 virtute
1355 1611 1432 1675 Cnei

315 1740 446 1823 Pompei
477 1720 721 1804 commodiorem
754 1742 788 1803 in
820 1746 937 1804 statum
968 1740 1151 1823 pervenisse
1180 1738 1377 1822 intelligeret,
1399 1741 1434 1801 in

314 1866 552 1949 Transalpinam
592 1865 725 1929 Galliam
761 1866 920 1949 profectus
952 1865 1028 1947 est,”
1061 1864 1146 1948 quod
1177 1863 1315 1946 profecto
1345 1864 1433 1927 nullo

313 1990 407 2053 modo
439 1991 542 2054 dicere
572 1991 734 2072 voluisset,
766 1993 794 2054 si
821 1992 887 2072 jam
916 2010 1018 2073 quum
1044 1991 1169 2072 scripsit
1192 1991 1434 2052 commentarios
1470 2033 1473 2040 -

313 2115 520 2197 intellegisset
549 2134 680 2179 necesse
710 2115 770 2179 sibi
797 2105 871 2179 'esse
901 2115 1048 2178 futurum
1078 2114 1197 2178 bellum
1228 2133 1337 2198 gerere
1361 2134 1434 2177 cum

314 2240 473 2324 Pompejo.
499 2240 591 2316 Quod
614 2241 791 2306 Mommsen
819 2243 894 2305 dicit
914 2241 1157 2304 commentarios
1176 2261 1194 2302 a
1214 2239 1346 2304 Caesare
1366 2259 1435 2304 6666

315 2367 447 2449 scriptos
479 2359 515 2430 eo
546 2367 687 2447 consilio,
718 2372 755 2430 ut
777 2369 914 2430 rationes
937 2367 1082 2431 redderet
1103 2385 1212 2430 rerum
1235 2385 1253 2428 a
1277 2385 1310 2428 se
1333 2372 1436 2448 gesta-

314 2511 396 2573 rum,
426 2493 505 2554 mihi
535 2493 665 2574 quidem
697 2512 761 2555 non
783 2512 898 2563 verum
920 2511 989 2556 esse
1016 2493 1151 2555 videtur.
1175 2491 1215 2554 In
1237 2491 1328 2554 nullo
1350 2492 1436 2554 enim

316 2607 397 2679 bello
419 2623 542 2700 praeter
564 2619 598 2680 111
621 2617 711 2680 bellis
735 2638 808 2681 cum
832 2617 988 2682 Helvetiis
1011 2623 1042 2681 et
1065 2638 1139 2680 cum
1159 2619 1320 2681 Ariovisto
1336 2617 1436 2680 ullam

228 2774 230 2781 ·
315 2761 444 2805 causam
475 2741 550 2806 belli
573 2743 662 2806 affert
684 2749 807 2826 praeter
829 2743 932 2806 illam:
958 2741 1064 2806 Gades
1086 2763 1152 2805 non
1173 2761 1282 2825 parere
1304 2744 1436 2825 imperio

314 2855 434 2952 populi'
453 2867 605 2931 Romano.
636 2867 735 2950 Cujus
765 2870 810 2932 rei
841 2869 1004 2932 luculenta
1034 2868 1180 2950 exempla
1209 2867 1373 2950 proferam.
1396 2867 1436 2929 In

315 2995 405 3057 initio
428 2993 500 3055 libri
524 2995 656 3058 secundi
678 2996 708 3075 3)
730 2995 805 3058 dicit
823 2995 939 3076 Belgas
959 2996 1142 3076 conjurasse
1162 2998 1270 3057 contra
1282 2993 1435 3076 populum

315 3117 504 3180 Romanum.
540 3167 555 3198 „
568 3117 762 3200 ConJ'nrandi
788 3120 845 3183 has
869 3139 938 3184 6666
960 3139 1089 3190 causas:
1114 3085 1252 3202 primum
1277 3118 1363 3201 quod
1385 3137 1438 3181 ve·

316 3247 470 3322 16161161,
506 3262 547 3306 16
582 3244 669 3304 omni
702 3249 812 3325 pacata
847 3243 949 3306 Gallia
983 3245 1022 3307 ad
1055 3263 1108 3307 eos
1140 3245 1299 3308 exercitus
1330 3247 1439 3306 noster

317 3366 544 3446 adduceretur;
577 3366 699 3448 deinde,
723 3368 809 3451 quod
833 3389 851 3431 a
873 3369 1037 3432 nonnullis
1061 3368 1159 3432 Gallis
1184 3369 1437 3447 sollicitarentur,

315 3493 429 3574 partim
454 3492 519 3574 qui,
541 3497 578 3554 ut
603 3491 777 3556 Germanos
802 3494 922 3557 diutius
944 3495 978 3557 in
1003 3493 1103 3556 Gallia
1121 3495 1241 3557 versari
1261 3493 1439 3573 noluerant,

315 3616 359 3678 ita
388 3615 497 3698 populi
528 3615 665 3678 Romani
695 3619 869 3680 exercitum
903 3619 1041 3682 hiemare
1075 3622 1171 3701 atque
1203 3619 1434 3681 inveterascere

316 3743 351 3804 in
369 3740 483 3805 'Gallia
514 3743 646 3807 moleste
675 3743 826 3825 ferebant,
847 3746 962 3827 partim
987 3747 1043 3827 qui
1063 3743 1236 3807 mobilitate
1260 3749 1291 3807 et
1312 3744 1439 3806 levitate

317 3868 415 3930 animi
437 3869 529 3931 novis
551 3869 693 3951 imperiis
714 3869 912 3934 studebant.”
931 3870 1020 3934 Haec
1039 3870 1154 3950 omnia,
1173 3869 1285 3932 ultimo
1298 3873 1438 3951 excepto,

245 4119 246 4124 ,
352 4063 901 4132 UfflfflmRffHWQfflfflw

352 4155 641 4219 amueffle

352 4247 616 4309 &MRCHL
