3424 5188
867 542 906 602 70

325 772 410 828 σιιρσς
441 753 612 820 σιωπῶντος,
648 746 699 812 καὶ
734 755 786 820 τῆς
819 745 1030 824 μεταστάσεως
1060 754 1113 820 τῆς
1143 748 1206 827 περ)
1238 748 1367 826 Νίσιβιν,
1393 748 1443 812 nal

325 873 440 953 προσέτι
475 871 527 936 acl
562 871 620 936 ὅσι’
639 881 676 954 τῇ
709 873 828 952 ἀδελφῇ
860 873 1054 950 συγγίγνοιτο,
1085 873 1191 953 ἀφείθη
1223 874 1254 936 δὲ
1277 881 1343 956 aa,
1367 875 1445 938 dum

326 1004 449 1062 constat
476 1019 580 1081 quum
603 1017 643 1062 ex
668 998 819 1062 Suetonio
845 999 874 1078 1)
898 1003 968 1061 tum
991 1017 1032 1061 ex
1055 997 1214 1063 Ciceronis
1237 1001 1382 1082 epistulis
1406 1002 1446 1082 2),

325 1144 366 1187 ne
390 1123 467 1186 alios
491 1129 634 1186 auctores
658 1123 794 1204 afferam,
818 1121 962 1185 Clodium
987 1128 1173 1187 accusatum
1195 1143 1264 1188 esse
1283 1144 1388 1207 neque
1408 1125 1446 1188 de

327 1254 436 1332 stupro
459 1268 532 1312 cum
557 1247 698 1312 Caesaris
719 1266 830 1329 uxore,
853 1266 958 1330 neque
977 1248 1016 1311 de
1034 1248 1188 1312 seditione
1208 1248 1292 1331 apud
1309 1249 1445 1331 Nisibin,

327 1394 432 1457 neque
455 1374 493 1437 de
515 1375 641 1438 incestu
663 1393 736 1436 oum
760 1392 875 1454 sorore,
899 1373 954 1437 sed
974 1393 1103 1437 oausam
1123 1373 1242 1438 dixisse
1262 1373 1301 1438 de
1316 1375 1446 1457 pollutis

329 1501 434 1581 saoriS,
458 1500 497 1563 de
518 1501 644 1562 incestu
666 1518 739 1562 cum
759 1497 901 1562 Caesaris
920 1501 1067 1562 uxorein
1083 1501 1152 1580 ejus
1164 1500 1256 1562 domo
1269 1501 1446 1562 commisso.

329 1625 424 1690 Sacra
453 1625 563 1688 Bonae
592 1623 678 1688 Deae
706 1624 945 1688 celebrabantur
966 1626 1000 1687 in
1023 1624 1117 1688 domo
1141 1623 1172 1687 C.
1196 1625 1337 1690 Caesaris
1359 1645 1448 1709 prae-

328 1751 414 1831 loris,
450 1749 566 1831 quibus
601 1751 698 1813 sacris
731 1749 820 1813 nefas
855 1755 902 1813 est
935 1749 1038 1812 ullum
1067 1751 1173 1813 virum
1201 1752 1363 1827 interesse,
1393 1751 1448 1814 sed

331 1873 477 1936 Clodium
500 1878 588 1937 veste
611 1873 758 1936 muliebri
782 1893 851 1938 sese
873 1875 907 1936 in
931 1873 1073 1937 Caesaris
1096 1874 1189 1938 aedes
1210 1876 1395 1956 insinuavit,
1414 1880 1450 1938 ut

330 2020 403 2063 oum
434 2002 503 2082 ejus
535 2019 635 2064 uxore
665 2001 856 2080 conveniret,
879 2000 964 2082 quod
987 1997 1048 2062 Dio
1073 2001 1103 2080 3)
1126 2001 1194 2082 ipse
1217 2002 1364 2063 narravit.
1388 1999 1450 2064 Sed

329 2126 381 2187 hic
415 2130 544 2208 repente
580 2125 698 2188 oblitus
731 2129 779 2188 est
808 2143 874 2186 non
905 2128 1050 2207 stuprum
1082 2126 1202 2188 crimen
1225 2124 1324 2188 fuisse
1346 2145 1451 2208 neque

331 2249 519 2313 seditionem
554 2249 638 2332 apud
670 2249 807 2331 Nisibin,
838 2267 943 2331 neque
973 2250 1130 2312 incestum
1161 2267 1235 2312 cum
1259 2268 1374 2332 sorore,
1396 2250 1451 2314 sed

329 2375 537 2458 pollutionem
561 2393 730 2438 sacrorum.
755 2373 788 2437 Si
810 2393 902 2457 rogas
926 2393 989 2456 quo
1011 2375 1106 2437 modo
1127 2374 1196 2437 fieri
1218 2377 1355 2457 potuerit
1377 2394 1451 2438 eum

332 2506 457 2564 tantum
491 2501 688 2563 commisisse
718 2519 855 2564 errorem
886 2499 968 2562 hanc
998 2498 1130 2563 fortasse
1162 2519 1291 2564 causam
1314 2503 1384 2583 ejus
1406 2504 1452 2565 rei

331 2628 483 2689 invenies
514 2624 605 2708 Legit
629 2626 808 2706 oratiorum,
831 2626 865 2686 in
889 2645 953 2707 qua
974 2624 1075 2688 multa
1099 2624 1284 2688 dicebantur
1309 2673 1324 2705 „
1336 2626 1375 2689 de
1399 2645 1452 2689 ne-

331 2750 409 2814 fario
434 2749 573 2833 stupro,''
597 2749 659 2830 „de
678 2749 925 2846 flagitiosissima
944 2750 1098 2813 seditione
1119 2749 1203 2833 apud
1214 2749 1372 2832 Nisibin,’'
1388 2750 1453 2830 ,de

332 2877 515 2958 turpissimo
548 2893 622 2957 erga
654 2893 793 2938 sororem
824 2873 964 2937 Clodiam
996 2875 1132 2956 amore,''
1154 2895 1312 2958 perpauca
1334 2877 1373 2939 de
1395 2877 1454 2939 eri-

331 3003 418 3064 mine
448 3002 526 3083 ipso,
557 2999 643 3083 quod
673 3001 709 3062 in
739 3020 835 3063 causa
866 2999 1017 3063 Clodiana
1039 3001 1129 3064 facile
1151 3001 1220 3065 fieri
1242 3005 1353 3084 potuit,
1377 3023 1455 3085 quo-

331 3127 419 3188 niam
443 3125 593 3189 Cicerone
615 3127 647 3207 4)
670 3130 797 3189 auctore
820 3125 1021 3208 Hortensius,
1045 3127 1101 3208 qui
1124 3133 1180 3190 aut
1201 3129 1269 3210 ipse
1292 3133 1456 3191 accusator

333 3257 389 3314 aut
411 3253 494 3314 inter
518 3250 747 3332 subscriptores
768 3250 868 3314 fuisse
890 3251 1024 3332 videtur,
1048 3256 1079 3314 et
1101 3251 1161 3314 sibi
1185 3257 1215 3314 et
1238 3252 1307 3316 aliis
1327 3272 1455 3336 persua-

334 3382 417 3440 serat
447 3377 545 3439 nullis
575 3376 667 3438 illum
694 3374 857 3456 Judicibus
882 3376 1019 3458 effugere
1041 3396 1142 3459 posse.
1166 3375 1259 3440 Hanc
1282 3378 1454 3440 orationem

336 3501 397 3564 Dio
429 3521 463 3564 se
485 3501 601 3584 legisse
623 3501 775 3580 meminit,
799 3519 840 3562 ex
863 3519 900 3563 ea
922 3503 1188 3582 commemoravit,
1213 3521 1294 3584 quae
1316 3503 1455 3584 primum

335 3628 506 3690 memoriae
529 3625 736 3689 occurrebant
759 3632 854 3709 atque
877 3646 914 3690 eo
933 3628 1028 3690 modo
1049 3647 1169 3691 errores
1190 3629 1356 3710 commisit,
1375 3648 1455 3711 quos

336 3752 426 3816 aliter
456 3754 651 3815 committere
682 3772 744 3815 non
776 3757 928 3836 potuerat.
959 3753 1080 3817 Eodem
1100 3754 1195 3817 modo
1220 3774 1283 3837 quo
1306 3753 1456 3817 hocloco

336 3920 480 3928 ..μ-

370 4010 393 4074 l)
410 4011 509 4058 Sueten.
528 4009 595 4059 Caes.
616 4011 629 4057 b
648 4016 672 4060 et
692 4011 730 4062 74.

369 4104 392 4163 2)
411 4102 460 4150 Cio.
485 4101 515 4149 ad
534 4104 586 4150 Att.
605 4101 622 4150 l.
644 4102 674 4150 14
693 4108 717 4150 et
738 4103 774 4150 16.

369 4196 394 4251 3)
413 4193 442 4241 Ι).
461 4192 487 4241 C.
507 4192 627 4240 xxxvu.
647 4193 686 4240 35.

371 4284 396 4348 4)
413 4283 463 4331 Cic.
483 4283 512 4330 ad
530 4286 581 4330 au.
601 4283 619 4330 l.
642 4281 679 4330 lt.
699 4283 721 4332 2.
