3424 5188
866 570 907 632 60

323 779 444 842 videret
477 779 537 841 hoo
571 779 659 842 nullo
693 779 786 842 modo
817 777 886 842 fieri
918 797 1020 862 posse,
1050 797 1084 841 re
1114 777 1230 841 infecta
1252 777 1286 839 in
1311 775 1469 839 Galliam
1576 764 1580 771 ’
1702 761 1703 770 “

322 903 423 967 rediit.
454 901 515 966 Dio
548 904 586 967 de
617 923 714 987 more,
745 924 848 986 quum
880 902 994 967 Caesar
1015 905 1084 987 ipse
1105 902 1166 966 hoo
1189 901 1384 983 confiteatur,
1407 902 1446 964 de

323 1027 410 1091 clade
440 1026 659 1091 Romanorum
683 1030 832 1112 cogitavit
855 1047 956 1111 eaque
979 1028 1018 1092 de
1042 1047 1138 1091 eausa
1162 1027 1238 1089 dicit
1260 1046 1335 1090 eum
1358 1031 1446 1089 metu
1559 1068 1561 1072 -

324 1152 502 1217 Suevorum
534 1173 603 1218 esse
634 1173 807 1218 reversum.
831 1153 873 1217 Et
896 1154 1075 1237 complures
1097 1154 1309 1217 recentiorum
1333 1150 1446 1216 Dionis

264 1341 266 1345 .
325 1278 470 1361 exemplo
492 1279 553 1343 hoo
575 1280 660 1343 idem
683 1280 812 1343 faciunt.

370 1404 459 1481 Quae
481 1405 542 1469 Dio
566 1406 681 1470 deinde
701 1410 808 1469 narrat
828 1405 866 1468 de
886 1405 1101 1469 internecione
1128 1403 1318 1467 Eburonum
1343 1404 1447 1486 deque
1482 1382 1488 1386 ⁸

326 1551 437 1596 eorum
457 1551 606 1616 agrorum
626 1533 801 1596 vastatione
813 1552 887 1596 cum
900 1531 1032 1596 Caesare
1046 1533 1075 1614 1)
1088 1533 1300 1614 consentiunt,
1313 1536 1447 1614 praeter·

327 1677 423 1739 quam
456 1657 542 1741 quod
571 1657 632 1720 hoe
659 1657 739 1739 loeo,
770 1661 807 1720 ut
825 1658 893 1740 jam
916 1677 1012 1741 supra
1034 1657 1184 1739 vidimus,
1207 1657 1287 1720 nihil
1310 1656 1386 1719 dicit
1409 1656 1448 1720 de

326 1781 528 1866 Ambioriges
558 1781 635 1866 fuga
663 1788 693 1846 et
723 1783 896 1847 admodum
926 1783 1065 1867 maligne
1088 1783 1175 1846 addit
1198 1782 1362 1846 Caesarem
1385 1783 1446 1845 hoe

326 1908 447 1991 fecisse,
471 1929 665 1992 quamquam
688 1908 856 1973 Eburones
879 1914 948 1973 tum
970 1909 1050 1972 nihil
1072 1913 1245 1991 moverant
1270 1909 1363 1991 quasi
1383 1928 1446 1971 non
1487 1931 1489 1936 ·

327 2035 402 2098 inde
434 2055 453 2098 a
482 2040 584 2098 morte
612 2033 721 2098 Sabini
742 2039 773 2098 et
797 2034 903 2098 Cottae
926 2040 1099 2118 pepetuum
1121 2034 1240 2097 bellum
1265 2053 1338 2096 eum
1362 2032 1448 2096 Ebu-

327 2158 461 2222 ronibus
493 2158 604 2222 fuerat.
639 2157 753 2222 Caesar
787 2178 897 2222 omnes
929 2158 1035 2222 Gallos
1066 2159 1106 2222 ad
1136 2158 1326 2222 Eburonum
1357 2176 1448 2240 agros

327 2285 526 2368 populandos
547 2286 690 2348 evocavit
710 2285 740 2363 2)
761 2289 792 2348 et
810 2304 876 2347 non
889 2285 991 2348 solum
1005 2284 1087 2347 Galli
1099 2284 1155 2348 sed
1175 2285 1269 2348 etiam
1282 2282 1449 2376 Sygambri

330 2408 563 2472 Germanorum
595 2408 734 2492 populus
768 2415 926 2472 venerunt
957 2412 995 2491 3).
1026 2407 1089 2484 Qut
1117 2408 1233 2492 praeda
1260 2407 1450 2471 Eburonum

327 2553 393 2598 non
428 2537 567 2598 contenti
601 2536 694 2598 etiam
728 2539 830 2598 eastra
862 2534 1090 2615 Romanorum,
1120 2536 1155 2596 in
1187 2533 1304 2617 quibus
1337 2532 1450 2597 Caesar

327 2659 553 2743 impedimenta
575 2660 754 2743 reliquerat,
778 2659 855 2723 dum
876 2661 944 2743 ipse
963 2661 998 2722 in
1017 2657 1185 2722 Eburones
1204 2658 1363 2741 profectus
1375 2662 1450 2738 erat

329 2787 470 2870 aggressi
503 2791 587 2849 sunt.
610 2784 786 2848 Inveniunt
809 2785 965 2868 quosdam
988 2784 1028 2848 ad
1049 2784 1246 2848 frumentum
1269 2801 1451 2866 comparan-

330 2912 410 2975 dum
440 2912 605 2994 profectos,
636 2910 777 2994 reliquos
808 2912 977 2975 incastris
1001 2911 1190 2992 relictost).
1215 2909 1324 2974 Castra
1346 2914 1452 2972 autem

329 3055 395 3098 non
427 3037 557 3119 capiunt
589 3036 628 3117 5),
659 3036 715 3100 sed
743 3036 862 3100 multos
893 3055 1013 3118 eorum,
1039 3037 1095 3119 qui
1117 3035 1333 3098 frumentandi
1356 3050 1464 3097 causa·

329 3161 460 3245 profecti
480 3167 570 3225 erant
588 3161 783 3226 interficiunt
803 3163 842 3244 6).
862 3161 986 3226 Deinde
998 3161 1162 3226 Caesarem
1175 3165 1353 3224 metuentes
1365 3164 1453 3222 trans

329 3286 479 3350 Rhenum
503 3305 572 3350 sese
594 3293 782 3371 receperunt
806 3289 843 3369 7).
864 3286 953 3351 Haeo
974 3289 1081 3350 omnia
1101 3287 1195 3350 etiam
1211 3285 1296 3368 apud
1315 3282 1452 3347 Dionem

329 3412 488 3496 leguntur,
523 3414 580 3495 qui
613 3413 699 3476 addit
731 3432 784 3476 eos
814 3433 851 3476 eo
882 3418 1022 3496 tempore
1053 3418 1156 3476 eastra
1185 3430 1255 3475 esse
1277 3428 1452 3494 aggressos,

365 3770 719 3830 nmuaumaa

365 3860 660 3928 ammaum

365 3951 657 4014 ammaum

363 4041 657 4110 omasum

364 4131 715 4199 umanumm

364 4224 713 4289 omnummm

368 4315 659 4380 emmaum
