3424 5188
860 539 899 600 56

321 757 426 815 ortum
448 756 521 814 erat.
544 751 595 814 Ab
618 750 673 814 illo
697 755 804 815 autem
828 754 969 833 tempore
989 769 1095 833 usque
1114 751 1154 814 ad
1172 755 1306 835 tempus,
1327 753 1441 836 dequo

323 897 409 941 nunc
440 879 564 962 agimus
596 879 649 958 (53
680 898 705 940 a.
740 875 809 938 Chr.
841 877 883 958 n.)
913 874 1039 939 Treveri
1061 895 1171 959 pacem
1194 896 1267 941 cum
1290 877 1442 944 Romanis

320 1023 386 1066 11011
418 1007 668 1087 composuerant,
694 1002 749 1066 sed
772 1006 959 1085 perpetuum
984 1001 1105 1065 bellum
1127 1009 1298 1086 gesserant,
1320 1007 1355 1067 111
1378 1026 1442 1088 quo

322 1127 560 1192 Indutiomarus
583 1128 697 1191 ultima
719 1132 807 1210 parte
831 1127 1002 1211 superioris
1025 1129 1101 1189 anni
1123 1130 1265 1192 exercitu
1289 1150 1347 1193 suo
1370 1130 1442 1196 fuso

321 1252 496 1337 fugatoque
517 1252 701 1316 interfectus
725 1258 791 1315 erat
815 1253 853 1333 1).
882 1301 897 1332 „
906 1252 1081 1336 Imperium
1105 1272 1123 1315 a
1144 1252 1287 1318 Treveris
1311 1255 1351 1318 ad
1374 1257 1442 1338 ejus

190 1367 192 1372 ’
321 1379 518 1461 propinquos
551 1377 698 1459 defertur,
733 1379 790 1461 qui
823 1376 975 1441 finitimos
1011 1375 1185 1441 Germanos
1215 1377 1382 1443 sollicitare
1412 1386 1443 1444 et

321 1505 489 1586 pecuniam
511 1501 651 1587 polliceri
673 1523 740 1566 non
764 1503 928 1566 desistunt.
952 1502 1033 1566 Cum
1057 1523 1075 1566 a
1098 1505 1254 1586 proximis
1275 1506 1444 1588 impetrare

321 1648 387 1691 11011
409 1634 547 1712 possent,
564 1629 730 1692 ulteriores
750 1633 912 1711 temptant.
931 1627 1075 1692 Inventis
1086 1629 1250 1692 nonnullis
1262 1630 1443 1694 civitatibus

318 1755 525 1838 jurejurando
547 1755 630 1819 inter
657 1773 691 1818 se
715 1753 903 1817 confirmant
926 1753 1154 1836 obsidibusque
1177 1755 1216 1817 de
1237 1755 1443 1837 0001111000-

322 1884 414 1943 vent:
451 1879 759 1963 „Ambiorigem
790 1879 873 1942 sibi
896 1880 1105 1943 societate
1127 1886 1166 1944 et
1187 1876 1360 1944 foedere
1383 1882 1443 1945 ad-

319 2006 396 2086 jun
403 2004 527 2088 gunt’'
552 2006 591 2085 2).
626 2004 739 2088 Itaque
775 2004 888 2068 Caesar
916 2005 1009 2088 plane
1040 2006 1234 2069 contrarium
1265 2011 1361 2089 atque
1383 2005 1443 2070 Dio

322 2131 434 2209 tradit3
458 2113 628 2193 Ambiorix
650 2150 716 2193 non
737 2129 899 2211 Treveros,
922 2130 977 2194 sed
999 2129 1126 2194 Treveri
1142 2129 1361 2214 Ambiorigem
1384 2132 1444 2195 sibi

323 2254 510 2339 adjungunt.
543 2253 636 2330 Quod
666 2274 764 2338 quare
787 2257 829 2318 sit
851 2257 952 2352 magis
976 2256 1148 2318 verisimile
1167 2257 1234 2338 jam
1258 2258 1445 2340 supradixi

323 2381 380 2446 Sin
402 2386 508 2445 autem
528 2373 629 2464 rogas,
650 2350 747 2464 quare
770 2379 831 2453 Dio
850 2369 980 2444 liicnon'
996 2401 1070 2444 curn
1084 2373 1214 2444 Caesare
1226 2382 1444 2466 Ambiorigem

322 2507 465 2570 Treveris
484 2506 675 2590 praefecerit,
694 2507 815 2569 nullam
833 2506 926 2569 aliam
948 2525 1075 2570 causem
1096 2511 1192 2591 atque
1208 2508 1290 2570 hanc
1300 2509 1443 2572 invenio:

323 2653 388 2697 non
419 2632 568 2697 credibile
598 2635 627 2696 ei
654 2652 723 2696 esse
744 2634 852 2696 visiun
875 2633 973 2695 aliurn
998 2653 1194 2716 quemquam
1217 2640 1312 2718 atque
1334 2635 1445 2698 Ambi-

297 2777 299 2782 ·
324 2761 442 2842 origem
466 2757 606 2821 nobilem
630 2763 661 2821 et
683 2763 796 2820 notum
818 2757 993 2840 hominem,
1010 2760 1069 2842 'qui
1085 2759 1246 2823 ¹Sabinum
1269 2765 1300 2824 et
1323 2758 1445 2823 Cottam

323 2885 442 2947 vicerat
463 2883 646 2966 multosque
671 2881 832 2947 Romanos
860 2882 1067 2965 interiecerat,
1094 2884 1176 2948 bello
1197 2905 1270 2948 cum
1293 2883 1446 2950 Romanis

322 3008 504 3091 praefuisse.

368 3135 552 3217 Antequam
585 3134 672 3196 hunc
704 3133 810 3197 locum
844 3136 980 3198 missum
1008 3134 1089 3199 facio
1122 3136 1198 3200 inde
1222 3142 1447 3222 argumentum

322 3265 428 3344 petam
452 3279 516 3342 quo
540 3265 687 3342 appareat
706 3258 843 3323 Dionem
861 3261 895 3322 iu
914 3260 1046 3324 historia
1065 3261 1293 3325 conscribenda
1305 3261 1447 3327 Caesaris

323 3387 557 3449 commentariis
581 3404 651 3449 esse
673 3405 779 3449 usum.
803 3385 842 3449 ln
866 3387 966 3469 capite
993 3387 1042 3468 11,
1066 3386 1123 3451 ubi
1143 3388 1207 3470 agit
1231 3387 1448 3451 debellooum

322 3511 466 3574 Treveris
497 3512 609 3575 ultima
639 3516 727 3594 parte
760 3513 845 3573 anni.
858 3512 901 3572 45
926 3531 951 3573 a.
978 3510 1048 3574 Chr.
1072 3531 1102 3574 n.
1125 3517 1214 3595 gesto
1238 3511 1449 3576 Indutiomari

325 3643 460 3700 mortem
488 3656 553 3699 non
577 3641 809 3700 commemorat.
830 3636 901 3700 Ηο0
923 3636 992 3700 1000
1013 3641 1128 3718 autem,
1147 3637 1204 3700 ubi
1223 3639 1288 3720 agit
1307 3638 1346 3701 de
1364 3636 1447 3701 belio

326 3764 412 3848 quod
443 3763 570 3827 Treveri
593 3765 684 3826 initio
709 3764 785 3825 anni
809 3764 850 3825 53
875 3783 900 3825 a.
926 3762 996 3825 Chr.
1019 3783 1049 3825 n.
1073 3783 1147 3826 cum
1169 3761 1322 3830 Romanis
1344 3782 1449 3847 gesse-

323 3895 411 3971 runt,
447 3891 523 3954 dicit
549 3910 603 3954 eos
635 3891 809 3952 etiamnum
840 3895 975 3953 mortem
996 3889 1183 3953 Idutiomari
1206 3889 1337 3952 moleste
1359 3889 1447 3953 ferre.

364 4195 643 4260 umanum

366 4287 642 4347 amnena
