<?xml version="1.0" encoding="UTF-8"?>
<!DOCTYPE html PUBLIC "-//W3C//DTD XHTML 1.0 Transitional//EN"
    "http://www.w3.org/TR/xhtml1/DTD/xhtml1-transitional.dtd">
<html xmlns="http://www.w3.org/1999/xhtml" xml:lang="en" lang="en">
 <head>
  <title>
</title>
<meta http-equiv="Content-Type" content="text/html;charset=utf-8" />
  <meta name='ocr-system' content='tesseract 3.04.00' />
  <meta name='ocr-capabilities' content='ocr_page ocr_carea ocr_par ocr_line ocrx_word'/>
</head>
<body>
  <div class='ocr_page' id='page_1' title='image "./defideetauctori00jelggoog_0036.png"; bbox 0 0 3424 5188; ppageno 0'>
   <div class='ocr_carea' id='block_1_1' title="bbox 776 579 817 640">
    <p class='ocr_par' dir='ltr' id='par_1_1' title="bbox 776 579 817 640">
     <span class='ocr_line' id='line_1_1' title="bbox 776 579 817 640; baseline -0.049 0"><span class='ocrx_word' id='word_1_1' title='bbox 776 579 817 640; x_wconf 82' lang='lat'>25</span> 
     </span>
    </p>
   </div>
   <div class='ocr_carea' id='block_1_2' title="bbox 234 787 1357 1492">
    <p class='ocr_par' dir='ltr' id='par_1_2' title="bbox 234 787 1357 1492">
     <span class='ocr_line' id='line_1_2' title="bbox 235 787 1357 872; baseline -0.001 -20"><span class='ocrx_word' id='word_1_2' title='bbox 235 791 269 852; x_wconf 91' lang='lat' dir='ltr'>in</span> <span class='ocrx_word' id='word_1_3' title='bbox 290 809 353 872; x_wconf 88' lang='lat' dir='ltr'>qua</span> <span class='ocrx_word' id='word_1_4' title='bbox 374 791 418 852; x_wconf 90' lang='lat' dir='ltr'>ita</span> <span class='ocrx_word' id='word_1_5' title='bbox 438 789 526 851; x_wconf 89' lang='lat' dir='ltr'>dioit:</span> <span class='ocrx_word' id='word_1_6' title='bbox 552 833 567 868; x_wconf 90' lang='lat'>„</span> <span class='ocrx_word' id='word_1_7' title='bbox 579 787 613 851; x_wconf 83' lang='lat' dir='ltr'>Si</span> <span class='ocrx_word' id='word_1_8' title='bbox 631 791 792 870; x_wconf 89' lang='lat' dir='ltr'>praeterea</span> <span class='ocrx_word' id='word_1_9' title='bbox 811 806 904 851; x_wconf 88' lang='lat' dir='ltr'>nemo</span> <span class='ocrx_word' id='word_1_10' title='bbox 924 792 1087 869; x_wconf 87' lang='lat' dir='ltr'>sequatur,</span> <span class='ocrx_word' id='word_1_11' title='bbox 1103 791 1209 850; x_wconf 89' lang='lat' dir='ltr'>tamen</span> <span class='ocrx_word' id='word_1_12' title='bbox 1230 807 1264 851; x_wconf 90' lang='lat' dir='ltr'>se</span> <span class='ocrx_word' id='word_1_13' title='bbox 1282 807 1357 851; x_wconf 88' lang='lat' dir='ltr'>oum</span> 
     </span>
     <span class='ocr_line' id='line_1_3' title="bbox 236 911 1357 997; baseline -0.002 -19"><span class='ocrx_word' id='word_1_14' title='bbox 236 916 303 979; x_wconf 87' lang='lat' dir='ltr'>sola</span> <span class='ocrx_word' id='word_1_15' title='bbox 333 915 455 977; x_wconf 86' lang='lat' dir='ltr'>deoima</span> <span class='ocrx_word' id='word_1_16' title='bbox 484 913 609 997; x_wconf 80' lang='lat' dir='ltr'>legione</span> <span class='ocrx_word' id='word_1_17' title='bbox 639 914 770 994; x_wconf 89' lang='lat' dir='ltr'>iturum,</span> <span class='ocrx_word' id='word_1_18' title='bbox 803 912 841 976; x_wconf 92' lang='lat' dir='ltr'>de</span> <span class='ocrx_word' id='word_1_19' title='bbox 866 933 930 995; x_wconf 87' lang='lat' dir='ltr'>qua</span> <span class='ocrx_word' id='word_1_20' title='bbox 952 931 1018 974; x_wconf 93' lang='lat' dir='ltr'>non</span> <span class='ocrx_word' id='word_1_21' title='bbox 1041 911 1208 992; x_wconf 79' lang='lat' dir='ltr'>dubitaret,</span> <span class='ocrx_word' id='word_1_22' title='bbox 1232 912 1357 995; x_wconf 78' lang='lat' dir='ltr'>sibique</span> 
     </span>
     <span class='ocr_line' id='line_1_4' title="bbox 235 1036 1356 1120; baseline -0.001 -18"><span class='ocrx_word' id='word_1_23' title='bbox 235 1058 305 1102; x_wconf 86' lang='lat' dir='ltr'>earn</span> <span class='ocrx_word' id='word_1_24' title='bbox 335 1039 524 1120; x_wconf 73' lang='lat' dir='ltr'>praetoriam</span> <span class='ocrx_word' id='word_1_25' title='bbox 556 1038 717 1100; x_wconf 88' lang='lat' dir='ltr'>eohortem</span> <span class='ocrx_word' id='word_1_26' title='bbox 747 1037 919 1100; x_wconf 85' lang='lat' dir='ltr'>futuram.”</span> <span class='ocrx_word' id='word_1_27' title='bbox 950 1036 1012 1100; x_wconf 82' lang='lat' dir='ltr'>Sed</span> <span class='ocrx_word' id='word_1_28' title='bbox 1041 1038 1150 1100; x_wconf 85' lang='lat' dir='ltr'>videas</span> <span class='ocrx_word' id='word_1_29' title='bbox 1174 1057 1238 1120; x_wconf 90' lang='lat' dir='ltr'>quo</span> <span class='ocrx_word' id='word_1_30' title='bbox 1262 1038 1356 1101; x_wconf 89' lang='lat' dir='ltr'>modo</span> 
     </span>
     <span class='ocr_line' id='line_1_5' title="bbox 234 1160 1355 1245; baseline 0 -19"><span class='ocrx_word' id='word_1_31' title='bbox 234 1163 295 1226; x_wconf 92' lang='lat' dir='ltr'>Dio</span> <span class='ocrx_word' id='word_1_32' title='bbox 326 1164 355 1243; x_wconf 86' lang='lat'>1)</span> <span class='ocrx_word' id='word_1_33' title='bbox 384 1164 445 1226; x_wconf 88' lang='lat' dir='ltr'>hoo</span> <span class='ocrx_word' id='word_1_34' title='bbox 474 1163 560 1226; x_wconf 91' lang='lat' dir='ltr'>idem</span> <span class='ocrx_word' id='word_1_35' title='bbox 583 1163 666 1225; x_wconf 84' lang='lat' dir='ltr'>dieat</span> <span class='ocrx_word' id='word_1_36' title='bbox 688 1167 719 1225; x_wconf 92' lang='lat' dir='ltr'>et</span> <span class='ocrx_word' id='word_1_37' title='bbox 741 1160 879 1226; x_wconf 87' lang='lat' dir='ltr'>Dionem</span> <span class='ocrx_word' id='word_1_38' title='bbox 901 1162 1066 1226; x_wconf 89' lang='lat' dir='ltr'>manifeste</span> <span class='ocrx_word' id='word_1_39' title='bbox 1090 1163 1355 1245; x_wconf 77' lang='lat' dir='ltr'>comprehensum</span> 
     </span>
     <span class='ocr_line' id='line_1_6' title="bbox 234 1285 1356 1369; baseline -0.002 -17"><span class='ocrx_word' id='word_1_40' title='bbox 234 1294 360 1354; x_wconf 85' lang='lat' dir='ltr'>teneas:</span> <span class='ocrx_word' id='word_1_41' title='bbox 391 1291 428 1359; x_wconf 82' lang='grc' dir='ltr'>ὡς</span> <span class='ocrx_word' id='word_1_42' title='bbox 458 1285 485 1350; x_wconf 75' lang='grc' dir='ltr'>εἴ</span> <span class='ocrx_word' id='word_1_43' title='bbox 512 1312 548 1364; x_wconf 75' lang='grc' dir='ltr'>γε</span> <span class='ocrx_word' id='word_1_44' title='bbox 577 1287 626 1350; x_wconf 75' lang='lat' dir='ltr'>aui</span> <span class='ocrx_word' id='word_1_45' title='bbox 657 1288 737 1365; x_wconf 77' lang='grc' dir='ltr'>ὑμῶν</span> <span class='ocrx_word' id='word_1_46' title='bbox 759 1311 833 1359; x_wconf 77' lang='grc' dir='ltr'><em>τινες</em></span> <span class='ocrx_word' id='word_1_47' title='bbox 857 1285 956 1359; x_wconf 73' lang='grc' dir='ltr'><em>ἄλλος</em></span> <span class='ocrx_word' id='word_1_48' title='bbox 981 1292 1139 1369; x_wconf 78' lang='grc' dir='ltr'><em>Φροοοῦοοο,</em></span> <span class='ocrx_word' id='word_1_49' title='bbox 1164 1288 1236 1351; x_wconf 69' lang='grc' dir='ltr'>ἀλλ’</span> <span class='ocrx_word' id='word_1_50' title='bbox 1261 1285 1356 1366; x_wconf 71' lang='grc' dir='ltr'><em>ἔγωγε</em></span> 
     </span>
     <span class='ocr_line' id='line_1_7' title="bbox 234 1409 1357 1492; baseline -0.001 -15"><span class='ocrx_word' id='word_1_51' title='bbox 234 1412 287 1477; x_wconf 75' lang='lat' dir='ltr'>uari</span> <span class='ocrx_word' id='word_1_52' title='bbox 318 1412 354 1485; x_wconf 79' lang='grc' dir='ltr'>ὣς</span> <span class='ocrx_word' id='word_1_53' title='bbox 386 1411 554 1490; x_wconf 69' lang='grc' dir='ltr'><em>πολεμήσω,</em></span> <span class='ocrx_word' id='word_1_54' title='bbox 580 1409 643 1477; x_wconf 77' lang='grc' dir='ltr'><em>οὐδὲ</em></span> <span class='ocrx_word' id='word_1_55' title='bbox 666 1412 875 1492; x_wconf 67' lang='grc' dir='ltr'>ἐγκαταλείψω</span> <span class='ocrx_word' id='word_1_56' title='bbox 899 1411 952 1485; x_wconf 69' lang='grc' dir='ltr'>τὴν</span> <span class='ocrx_word' id='word_1_57' title='bbox 975 1409 1069 1485; x_wconf 77' lang='grc' dir='ltr'><em>τοὶξον,</em></span> <span class='ocrx_word' id='word_1_58' title='bbox 1095 1411 1128 1484; x_wconf 79' lang='grc' dir='ltr'>ἣν</span> <span class='ocrx_word' id='word_1_59' title='bbox 1149 1411 1280 1490; x_wconf 72' lang='grc' dir='ltr'>εὀοὶχθην</span> <span class='ocrx_word' id='word_1_60' title='bbox 1302 1411 1357 1476; x_wconf 78' lang='grc' dir='ltr'>ὑπὸ</span> 
     </span>
    </p>
   </div>
   <div class='ocr_carea' id='block_1_3' title="bbox 234 1531 1358 1619">
    <p class='ocr_par' dir='ltr' id='par_1_3' title="bbox 234 1531 1358 1619">
     <span class='ocr_line' id='line_1_8' title="bbox 234 1531 1358 1619; baseline -0.001 -17"><span class='ocrx_word' id='word_1_61' title='bbox 234 1545 288 1612; x_wconf 71' lang='grc' dir='ltr'>τῆς</span> <span class='ocrx_word' id='word_1_62' title='bbox 312 1538 457 1619; x_wconf 69' lang='grc' dir='ltr'><em>πάτριδος.</em></span> <span class='ocrx_word' id='word_1_63' title='bbox 482 1538 534 1608; x_wconf 81' lang='grc' dir='ltr'><em>κοοί</em></span> <span class='ocrx_word' id='word_1_64' title='bbox 555 1561 605 1616; x_wconf 78' lang='grc' dir='ltr'>μοι,</span> <span class='ocrx_word' id='word_1_65' title='bbox 627 1538 659 1602; x_wconf 76' lang='grc' dir='ltr'>τὸ</span> <span class='ocrx_word' id='word_1_66' title='bbox 684 1536 803 1601; x_wconf 72' lang='grc' dir='ltr'><em>δέκατον</em></span> <span class='ocrx_word' id='word_1_67' title='bbox 827 1536 1021 1618; x_wconf 70' lang='grc' dir='ltr'><em>στρατόπεδον</em></span> <span class='ocrx_word' id='word_1_68' title='bbox 1043 1537 1155 1617; x_wconf 78' lang='grc' dir='ltr'><em>οέροοέοει</em></span> <span class='ocrx_word' id='word_1_69' title='bbox 1175 1535 1227 1600; x_wconf 70' lang='lat' dir='ltr'>aa}</span> <span class='ocrx_word' id='word_1_70' title='bbox 1247 1537 1304 1618; x_wconf 73' lang='grc' dir='ltr'>γὰρ</span> <span class='ocrx_word' id='word_1_71' title='bbox 1326 1531 1358 1601; x_wconf 79' lang='grc' dir='ltr'>εὖ</span> 
     </span>
    </p>
   </div>
   <div class='ocr_carea' id='block_1_4' title="bbox 235 1655 1355 1743">
    <p class='ocr_par' dir='ltr' id='par_1_4' title="bbox 235 1655 1355 1743">
     <span class='ocr_line' id='line_1_9' title="bbox 235 1655 1355 1743; baseline -0.001 -16"><span class='ocrx_word' id='word_1_72' title='bbox 235 1657 290 1728; x_wconf 80' lang='grc' dir='ltr'>οἷδ’</span> <span class='ocrx_word' id='word_1_73' title='bbox 324 1662 366 1727; x_wconf 74' lang='grc' dir='ltr'>ὅτι</span> <span class='ocrx_word' id='word_1_74' title='bbox 401 1661 456 1726; x_wconf 67' lang='grc' dir='ltr'>κᾶν</span> <span class='ocrx_word' id='word_1_75' title='bbox 491 1663 539 1728; x_wconf 64' lang='lat' dir='ltr'>aaa</span> <span class='ocrx_word' id='word_1_76' title='bbox 574 1663 658 1740; x_wconf 77' lang='grc' dir='ltr'><em>πυρὸς</em></span> <span class='ocrx_word' id='word_1_77' title='bbox 693 1662 742 1742; x_wconf 64' lang='grc' dir='ltr'>δέῃ</span> <span class='ocrx_word' id='word_1_78' title='bbox 778 1655 831 1726; x_wconf 71' lang='lat' dir='ltr'>axi</span> <span class='ocrx_word' id='word_1_79' title='bbox 861 1661 969 1740; x_wconf 75' lang='grc' dir='ltr'><em>γυμνοὶ</em></span> <span class='ocrx_word' id='word_1_80' title='bbox 1000 1661 1163 1743; x_wconf 74' lang='grc' dir='ltr'><em>χωρήσουσι</em></span> <span class='ocrx_word' id='word_1_81' title='bbox 1195 1661 1355 1743; x_wconf 75' lang='grc' dir='ltr'><em>προθύμως.</em></span> 
     </span>
    </p>
   </div>
   <div class='ocr_carea' id='block_1_5' title="bbox 234 1789 1358 3875">
    <p class='ocr_par' dir='ltr' id='par_1_5' title="bbox 235 1789 1358 2625">
     <span class='ocr_line' id='line_1_10' title="bbox 236 1789 1358 1872; baseline -0.001 -19"><span class='ocrx_word' id='word_1_82' title='bbox 236 1789 358 1865; x_wconf 79' lang='lat' dir='ltr'>Quodsi</span> <span class='ocrx_word' id='word_1_83' title='bbox 389 1791 482 1852; x_wconf 87' lang='lat' dir='ltr'>etiam</span> <span class='ocrx_word' id='word_1_84' title='bbox 505 1791 540 1851; x_wconf 90' lang='lat' dir='ltr'>in</span> <span class='ocrx_word' id='word_1_85' title='bbox 563 1791 703 1853; x_wconf 87' lang='lat' dir='ltr'>oratione</span> <span class='ocrx_word' id='word_1_86' title='bbox 725 1789 819 1872; x_wconf 88' lang='lat' dir='ltr'>plane</span> <span class='ocrx_word' id='word_1_87' title='bbox 841 1789 915 1853; x_wconf 87' lang='lat' dir='ltr'>ficta</span> <span class='ocrx_word' id='word_1_88' title='bbox 938 1794 1161 1872; x_wconf 80' lang='lat' dir='ltr'>argumentum</span> <span class='ocrx_word' id='word_1_89' title='bbox 1187 1790 1358 1872; x_wconf 79' lang='lat' dir='ltr'>sumpserit</span> 
     </span>
     <span class='ocr_line' id='line_1_11' title="bbox 235 1914 1357 2000; baseline -0.001 -20"><span class='ocrx_word' id='word_1_90' title='bbox 235 1935 277 1980; x_wconf 82' lang='lat' dir='ltr'>ex</span> <span class='ocrx_word' id='word_1_91' title='bbox 312 1914 453 1979; x_wconf 73' lang='lat' dir='ltr'>Caesaris</span> <span class='ocrx_word' id='word_1_92' title='bbox 484 1916 718 2000; x_wconf 76' lang='lat' dir='ltr'>commentariis</span> <span class='ocrx_word' id='word_1_93' title='bbox 749 1917 815 1998; x_wconf 89' lang='lat' dir='ltr'>jam</span> <span class='ocrx_word' id='word_1_94' title='bbox 845 1935 902 1999; x_wconf 92' lang='lat' dir='ltr'>pro</span> <span class='ocrx_word' id='word_1_95' title='bbox 933 1919 1017 1979; x_wconf 82' lang='lat' dir='ltr'>certo</span> <span class='ocrx_word' id='word_1_96' title='bbox 1045 1935 1162 1997; x_wconf 91' lang='lat' dir='ltr'>ponere</span> <span class='ocrx_word' id='word_1_97' title='bbox 1184 1935 1357 1998; x_wconf 89' lang='lat' dir='ltr'>possumus</span> 
     </span>
     <span class='ocr_line' id='line_1_12' title="bbox 235 2040 1357 2105; baseline -0.003 0"><span class='ocrx_word' id='word_1_98' title='bbox 235 2061 311 2105; x_wconf 91' lang='lat' dir='ltr'>eum</span> <span class='ocrx_word' id='word_1_99' title='bbox 340 2041 390 2103; x_wconf 89' lang='lat' dir='ltr'>his</span> <span class='ocrx_word' id='word_1_100' title='bbox 421 2041 655 2104; x_wconf 81' lang='lat' dir='ltr'>commentariis</span> <span class='ocrx_word' id='word_1_101' title='bbox 685 2041 720 2102; x_wconf 93' lang='lat' dir='ltr'>in</span> <span class='ocrx_word' id='word_1_102' title='bbox 750 2041 881 2104; x_wconf 87' lang='lat' dir='ltr'>historia</span> <span class='ocrx_word' id='word_1_103' title='bbox 911 2040 1139 2104; x_wconf 77' lang='lat' dir='ltr'>conscribenda</span> <span class='ocrx_word' id='word_1_104' title='bbox 1160 2061 1229 2104; x_wconf 89' lang='lat' dir='ltr'>esse</span> <span class='ocrx_word' id='word_1_105' title='bbox 1252 2060 1357 2104; x_wconf 74' lang='lat' dir='ltr'>usum,</span> 
     </span>
     <span class='ocr_line' id='line_1_13' title="bbox 236 2165 1357 2248; baseline -0.001 -19"><span class='ocrx_word' id='word_1_106' title='bbox 236 2165 298 2230; x_wconf 85' lang='lat' dir='ltr'>Sed</span> <span class='ocrx_word' id='word_1_107' title='bbox 330 2184 525 2248; x_wconf 86' lang='lat' dir='ltr'>quamquam</span> <span class='ocrx_word' id='word_1_108' title='bbox 553 2165 614 2228; x_wconf 89' lang='lat' dir='ltr'>hoo</span> <span class='ocrx_word' id='word_1_109' title='bbox 645 2167 720 2228; x_wconf 86' lang='lat' dir='ltr'>satis</span> <span class='ocrx_word' id='word_1_110' title='bbox 752 2170 876 2228; x_wconf 83' lang='lat' dir='ltr'>constat</span> <span class='ocrx_word' id='word_1_111' title='bbox 897 2165 1101 2229; x_wconf 90' lang='lat' dir='ltr'>infitiandum</span> <span class='ocrx_word' id='word_1_112' title='bbox 1123 2171 1259 2230; x_wconf 89' lang='lat' dir='ltr'>nonest</span> <span class='ocrx_word' id='word_1_113' title='bbox 1282 2185 1357 2230; x_wconf 93' lang='lat' dir='ltr'>eum</span> 
     </span>
     <span class='ocr_line' id='line_1_14' title="bbox 236 2287 1357 2372; baseline -0.003 -16"><span class='ocrx_word' id='word_1_114' title='bbox 236 2291 331 2356; x_wconf 86' lang='lat' dir='ltr'>etiam</span> <span class='ocrx_word' id='word_1_115' title='bbox 362 2290 472 2354; x_wconf 85' lang='lat' dir='ltr'>multis</span> <span class='ocrx_word' id='word_1_116' title='bbox 503 2290 582 2354; x_wconf 89' lang='lat' dir='ltr'>Ioois</span> <span class='ocrx_word' id='word_1_117' title='bbox 611 2310 630 2352; x_wconf 90' lang='lat' dir='ltr'>a</span> <span class='ocrx_word' id='word_1_118' title='bbox 654 2287 786 2353; x_wconf 81' lang='lat' dir='ltr'>Caesare</span> <span class='ocrx_word' id='word_1_119' title='bbox 810 2290 942 2372; x_wconf 85' lang='lat' dir='ltr'>differre,</span> <span class='ocrx_word' id='word_1_120' title='bbox 965 2291 1058 2372; x_wconf 83' lang='lat' dir='ltr'>eujus</span> <span class='ocrx_word' id='word_1_121' title='bbox 1081 2291 1128 2353; x_wconf 87' lang='lat' dir='ltr'>rei</span> <span class='ocrx_word' id='word_1_122' title='bbox 1150 2310 1227 2352; x_wconf 85' lang='lat' dir='ltr'>mox</span> <span class='ocrx_word' id='word_1_123' title='bbox 1250 2310 1357 2354; x_wconf 76' lang='lat' dir='ltr'>enem-</span> 
     </span>
     <span class='ocr_line' id='line_1_15' title="bbox 235 2414 1357 2500; baseline 0.001 -22"><span class='ocrx_word' id='word_1_124' title='bbox 235 2417 325 2500; x_wconf 92' lang='lat' dir='ltr'>plum</span> <span class='ocrx_word' id='word_1_125' title='bbox 356 2418 557 2480; x_wconf 85' lang='lat' dir='ltr'>inveniemus</span> <span class='ocrx_word' id='word_1_126' title='bbox 588 2417 623 2477; x_wconf 89' lang='lat' dir='ltr'>in</span> <span class='ocrx_word' id='word_1_127' title='bbox 654 2414 810 2497; x_wconf 80' lang='lat' dir='ltr'>capitibus</span> <span class='ocrx_word' id='word_1_128' title='bbox 841 2415 1005 2498; x_wconf 78' lang='lat' dir='ltr'>proximis,</span> <span class='ocrx_word' id='word_1_129' title='bbox 1032 2416 1066 2477; x_wconf 91' lang='lat' dir='ltr'>in</span> <span class='ocrx_word' id='word_1_130' title='bbox 1091 2414 1208 2497; x_wconf 86' lang='lat' dir='ltr'>quibus</span> <span class='ocrx_word' id='word_1_131' title='bbox 1232 2417 1296 2498; x_wconf 83' lang='lat' dir='ltr'>agit</span> <span class='ocrx_word' id='word_1_132' title='bbox 1318 2415 1357 2479; x_wconf 87' lang='lat' dir='ltr'>de</span> 
     </span>
     <span class='ocr_line' id='line_1_16' title="bbox 236 2538 928 2625; baseline -0.006 -21"><span class='ocrx_word' id='word_1_133' title='bbox 236 2542 353 2625; x_wconf 89' lang='lat' dir='ltr'>proelio</span> <span class='ocrx_word' id='word_1_134' title='bbox 375 2543 458 2605; x_wconf 91' lang='lat' dir='ltr'>inter</span> <span class='ocrx_word' id='word_1_135' title='bbox 476 2541 677 2604; x_wconf 81' lang='lat' dir='ltr'>AriovIstum</span> <span class='ocrx_word' id='word_1_136' title='bbox 700 2545 731 2603; x_wconf 88' lang='lat' dir='ltr'>et</span> <span class='ocrx_word' id='word_1_137' title='bbox 754 2538 928 2604; x_wconf 86' lang='lat' dir='ltr'>Caesarem.</span> 
     </span>
    </p>

    <p class='ocr_par' dir='ltr' id='par_1_6' title="bbox 234 2647 1358 3875">
     <span class='ocr_line' id='line_1_17' title="bbox 279 2647 1357 2750; baseline -0.002 -21"><span class='ocrx_word' id='word_1_138' title='bbox 279 2666 318 2730; x_wconf 90' lang='lat' dir='ltr'>In</span> <span class='ocrx_word' id='word_1_139' title='bbox 352 2686 417 2750; x_wconf 87' lang='lat' dir='ltr'>eap.</span> <span class='ocrx_word' id='word_1_140' title='bbox 450 2667 491 2729; x_wconf 76' lang='lat'>47</span> <span class='ocrx_word' id='word_1_141' title='bbox 523 2665 615 2729; x_wconf 89' lang='lat' dir='ltr'>nobis</span> <span class='ocrx_word' id='word_1_142' title='bbox 646 2665 743 2729; x_wconf 82' lang='lat' dir='ltr'>verba</span> <span class='ocrx_word' id='word_1_143' title='bbox 773 2665 826 2728; x_wconf 87' lang='lat' dir='ltr'>dat</span> <span class='ocrx_word' id='word_1_144' title='bbox 856 2685 912 2749; x_wconf 88' lang='lat' dir='ltr'>pro</span> <span class='ocrx_word' id='word_1_145' title='bbox 940 2664 1053 2744; x_wconf 77' lang='lat' dir='ltr'>rebus3</span> <span class='ocrx_word' id='word_1_146' title='bbox 1077 2647 1204 2728; x_wconf 87' lang='lat' dir='ltr'>nullum</span> <span class='ocrx_word' id='word_1_147' title='bbox 1227 2667 1357 2728; x_wconf 91' lang='lat' dir='ltr'>omnino</span> 
     </span>
     <span class='ocr_line' id='line_1_18' title="bbox 234 2790 1358 2874; baseline -0.002 -20"><span class='ocrx_word' id='word_1_148' title='bbox 234 2792 362 2855; x_wconf 86' lang='lat' dir='ltr'>factum</span> <span class='ocrx_word' id='word_1_149' title='bbox 383 2795 609 2855; x_wconf 76' lang='lat' dir='ltr'>commemorat</span> <span class='ocrx_word' id='word_1_150' title='bbox 638 2795 762 2874; x_wconf 88' lang='lat' dir='ltr'>praeter</span> <span class='ocrx_word' id='word_1_151' title='bbox 787 2791 881 2853; x_wconf 87' lang='lat' dir='ltr'>haee:</span> <span class='ocrx_word' id='word_1_152' title='bbox 907 2790 1094 2853; x_wconf 89' lang='lat' dir='ltr'>seditionem</span> <span class='ocrx_word' id='word_1_153' title='bbox 1116 2807 1185 2853; x_wconf 90' lang='lat' dir='ltr'>esse</span> <span class='ocrx_word' id='word_1_154' title='bbox 1208 2790 1358 2872; x_wconf 86' lang='lat' dir='ltr'>sedatam,</span> 
     </span>
     <span class='ocr_line' id='line_1_19' title="bbox 235 2914 1358 3008; baseline 0.002 -30"><span class='ocrx_word' id='word_1_155' title='bbox 235 2914 401 2980; x_wconf 86' lang='lat' dir='ltr'>Caesarem</span> <span class='ocrx_word' id='word_1_156' title='bbox 424 2935 494 2980; x_wconf 90' lang='lat' dir='ltr'>esse</span> <span class='ocrx_word' id='word_1_157' title='bbox 514 2916 691 2998; x_wconf 83' lang='lat' dir='ltr'>profectum</span> <span class='ocrx_word' id='word_1_158' title='bbox 710 2917 744 2977; x_wconf 93' lang='lat' dir='ltr'>in</span> <span class='ocrx_word' id='word_1_159' title='bbox 766 2915 950 3008; x_wconf 87' lang='lat' dir='ltr'>Germanos,</span> <span class='ocrx_word' id='word_1_160' title='bbox 970 2920 1000 2979; x_wconf 92' lang='lat' dir='ltr'>et</span> <span class='ocrx_word' id='word_1_161' title='bbox 1020 2915 1218 2979; x_wconf 81' lang='lat' dir='ltr'>Ariovistum</span> <span class='ocrx_word' id='word_1_162' title='bbox 1241 2917 1358 2998; x_wconf 87' lang='lat' dir='ltr'>petisse</span> 
     </span>
     <span class='ocr_line' id='line_1_20' title="bbox 235 3039 1358 3132; baseline -0.002 -28"><span class='ocrx_word' id='word_1_163' title='bbox 235 3040 439 3123; x_wconf 80' lang='lat' dir='ltr'>colloquium,</span> <span class='ocrx_word' id='word_1_164' title='bbox 463 3041 519 3104; x_wconf 87' lang='lat' dir='ltr'>sed</span> <span class='ocrx_word' id='word_1_165' title='bbox 541 3040 621 3102; x_wconf 88' lang='lat' dir='ltr'>nihil</span> <span class='ocrx_word' id='word_1_166' title='bbox 640 3041 724 3102; x_wconf 90' lang='lat' dir='ltr'>inter</span> <span class='ocrx_word' id='word_1_167' title='bbox 744 3059 818 3103; x_wconf 91' lang='lat' dir='ltr'>eum</span> <span class='ocrx_word' id='word_1_168' title='bbox 837 3045 869 3103; x_wconf 90' lang='lat' dir='ltr'>et</span> <span class='ocrx_word' id='word_1_169' title='bbox 889 3039 1054 3103; x_wconf 86' lang='lat' dir='ltr'>Caesarem</span> <span class='ocrx_word' id='word_1_170' title='bbox 1067 3041 1263 3122; x_wconf 82' lang='lat' dir='ltr'>convenisse,</span> <span class='ocrx_word' id='word_1_171' title='bbox 1275 3059 1358 3132; x_wconf 83' lang='lat' dir='ltr'>quae</span> 
     </span>
     <span class='ocr_line' id='line_1_21' title="bbox 235 3164 1357 3250; baseline -0.001 -21"><span class='ocrx_word' id='word_1_172' title='bbox 235 3167 330 3229; x_wconf 89' lang='lat' dir='ltr'>etiam</span> <span class='ocrx_word' id='word_1_173' title='bbox 352 3167 535 3230; x_wconf 81' lang='lat' dir='ltr'>invenimus</span> <span class='ocrx_word' id='word_1_174' title='bbox 559 3167 643 3249; x_wconf 91' lang='lat' dir='ltr'>apud</span> <span class='ocrx_word' id='word_1_175' title='bbox 667 3164 883 3247; x_wconf 81' lang='lat' dir='ltr'>Caesarem2)</span> <span class='ocrx_word' id='word_1_176' title='bbox 902 3165 1039 3249; x_wconf 86' lang='lat' dir='ltr'>Reliqua</span> <span class='ocrx_word' id='word_1_177' title='bbox 1058 3168 1165 3229; x_wconf 90' lang='lat' dir='ltr'>omnia</span> <span class='ocrx_word' id='word_1_178' title='bbox 1184 3171 1262 3230; x_wconf 82' lang='lat' dir='ltr'>sunt</span> <span class='ocrx_word' id='word_1_179' title='bbox 1270 3174 1357 3250; x_wconf 86' lang='lat' dir='ltr'>pror-</span> 
     </span>
     <span class='ocr_line' id='line_1_22' title="bbox 236 3289 1357 3375; baseline 0.001 -22"><span class='ocrx_word' id='word_1_180' title='bbox 236 3309 291 3353; x_wconf 91' lang='lat' dir='ltr'>sus</span> <span class='ocrx_word' id='word_1_181' title='bbox 325 3290 446 3355; x_wconf 89' lang='lat' dir='ltr'>nullius</span> <span class='ocrx_word' id='word_1_182' title='bbox 476 3291 576 3375; x_wconf 83' lang='lat' dir='ltr'>pretii.</span> <span class='ocrx_word' id='word_1_183' title='bbox 608 3289 680 3374; x_wconf 86' lang='lat' dir='ltr'>Cap.</span> <span class='ocrx_word' id='word_1_184' title='bbox 712 3293 754 3354; x_wconf 82' lang='grc'>48</span> <span class='ocrx_word' id='word_1_185' title='bbox 784 3293 899 3374; x_wconf 90' lang='lat' dir='ltr'>partim</span> <span class='ocrx_word' id='word_1_186' title='bbox 931 3311 1005 3354; x_wconf 88' lang='lat' dir='ltr'>oum</span> <span class='ocrx_word' id='word_1_187' title='bbox 1036 3290 1168 3355; x_wconf 80' lang='lat' dir='ltr'>Caesare</span> <span class='ocrx_word' id='word_1_188' title='bbox 1191 3294 1357 3374; x_wconf 83' lang='lat' dir='ltr'>consentit,</span> 
     </span>
     <span class='ocr_line' id='line_1_23' title="bbox 234 3415 1358 3497; baseline 0.001 -20"><span class='ocrx_word' id='word_1_189' title='bbox 234 3416 351 3497; x_wconf 87' lang='lat' dir='ltr'>partim</span> <span class='ocrx_word' id='word_1_190' title='bbox 381 3415 534 3479; x_wconf 86' lang='lat' dir='ltr'>dissentit.</span> <span class='ocrx_word' id='word_1_191' title='bbox 565 3415 682 3480; x_wconf 89' lang='lat' dir='ltr'>Matres</span> <span class='ocrx_word' id='word_1_192' title='bbox 711 3416 848 3480; x_wconf 85' lang='lat' dir='ltr'>familiae</span> <span class='ocrx_word' id='word_1_193' title='bbox 872 3416 1103 3480; x_wconf 80' lang='lat' dir='ltr'>Germanorum</span> <span class='ocrx_word' id='word_1_194' title='bbox 1126 3418 1358 3481; x_wconf 79' lang='lat' dir='ltr'>vatiomationi-</span> 
     </span>
     <span class='ocr_line' id='line_1_24' title="bbox 235 3538 1357 3624; baseline 0.003 -23"><span class='ocrx_word' id='word_1_195' title='bbox 235 3538 297 3603; x_wconf 87' lang='lat' dir='ltr'>bus</span> <span class='ocrx_word' id='word_1_196' title='bbox 322 3558 376 3602; x_wconf 90' lang='lat' dir='ltr'>eos</span> <span class='ocrx_word' id='word_1_197' title='bbox 399 3540 556 3621; x_wconf 87' lang='lat' dir='ltr'>proelium</span> <span class='ocrx_word' id='word_1_198' title='bbox 578 3543 774 3604; x_wconf 77' lang='lat' dir='ltr'>committere</span> <span class='ocrx_word' id='word_1_199' title='bbox 796 3539 946 3604; x_wconf 81' lang='lat' dir='ltr'>vetabant</span> <span class='ocrx_word' id='word_1_200' title='bbox 966 3543 1005 3623; x_wconf 86' lang='lat'>3),</span> <span class='ocrx_word' id='word_1_201' title='bbox 1026 3562 1090 3624; x_wconf 84' lang='lat' dir='ltr'>qua</span> <span class='ocrx_word' id='word_1_202' title='bbox 1108 3541 1357 3605; x_wconf 74' lang='lat' dir='ltr'>decausanrio-</span> 
     </span>
     <span class='ocr_line' id='line_1_25' title="bbox 235 3665 1358 3751; baseline 0.003 -24"><span class='ocrx_word' id='word_1_203' title='bbox 235 3666 347 3746; x_wconf 85' lang='lat' dir='ltr'>vistus,</span> <span class='ocrx_word' id='word_1_204' title='bbox 371 3686 567 3748; x_wconf 87' lang='lat' dir='ltr'>quamquam</span> <span class='ocrx_word' id='word_1_205' title='bbox 591 3665 705 3730; x_wconf 87' lang='lat' dir='ltr'>Caesar</span> <span class='ocrx_word' id='word_1_206' title='bbox 729 3666 870 3748; x_wconf 85' lang='lat' dir='ltr'>quotidie</span> <span class='ocrx_word' id='word_1_207' title='bbox 888 3667 1054 3751; x_wconf 86' lang='lat' dir='ltr'>pugnandi</span> <span class='ocrx_word' id='word_1_208' title='bbox 1072 3671 1259 3750; x_wconf 86' lang='lat' dir='ltr'>potestatem</span> <span class='ocrx_word' id='word_1_209' title='bbox 1276 3667 1358 3748; x_wconf 81' lang='lat' dir='ltr'>feeit,</span> 
     </span>
     <span class='ocr_line' id='line_1_26' title="bbox 235 3791 1357 3875; baseline 0.003 -22"><span class='ocrx_word' id='word_1_210' title='bbox 235 3791 341 3873; x_wconf 88' lang='lat' dir='ltr'>eopias</span> <span class='ocrx_word' id='word_1_211' title='bbox 368 3793 479 3854; x_wconf 87' lang='lat' dir='ltr'>oastris</span> <span class='ocrx_word' id='word_1_212' title='bbox 501 3810 567 3853; x_wconf 90' lang='lat' dir='ltr'>non</span> <span class='ocrx_word' id='word_1_213' title='bbox 591 3792 710 3873; x_wconf 81' lang='lat' dir='ltr'>eduxit,</span> <span class='ocrx_word' id='word_1_214' title='bbox 735 3791 790 3855; x_wconf 89' lang='lat' dir='ltr'>sed</span> <span class='ocrx_word' id='word_1_215' title='bbox 814 3793 953 3875; x_wconf 87' lang='lat' dir='ltr'>equestri</span> <span class='ocrx_word' id='word_1_216' title='bbox 975 3791 1095 3874; x_wconf 91' lang='lat' dir='ltr'>proelio</span> <span class='ocrx_word' id='word_1_217' title='bbox 1119 3793 1259 3874; x_wconf 85' lang='lat' dir='ltr'>quotidie</span> <span class='ocrx_word' id='word_1_218' title='bbox 1283 3812 1357 3856; x_wconf 92' lang='lat' dir='ltr'>oon-</span> 
     </span>
    </p>
   </div>
   <div class='ocr_carea' id='block_1_6' title="bbox 268 4121 812 4368">
    <p class='ocr_par' dir='ltr' id='par_1_7' title="bbox 268 4121 812 4368">
     <span class='ocr_line' id='line_1_27' title="bbox 269 4121 576 4182; baseline 0.01 -13"><span class='ocrx_word' id='word_1_219' title='bbox 269 4121 296 4182; x_wconf 89' lang='lat'>1)</span> <span class='ocrx_word' id='word_1_220' title='bbox 313 4121 361 4170; x_wconf 90' lang='lat' dir='ltr'>Dio</span> <span class='ocrx_word' id='word_1_221' title='bbox 379 4122 516 4172; x_wconf 83' lang='lat' dir='ltr'>XXXVIII.</span> <span class='ocrx_word' id='word_1_222' title='bbox 535 4124 576 4172; x_wconf 76' lang='lat'>46.</span> 
     </span>
     <span class='ocr_line' id='line_1_28' title="bbox 269 4211 607 4271; baseline 0.006 -11"><span class='ocrx_word' id='word_1_223' title='bbox 269 4212 295 4271; x_wconf 81' lang='lat'>2)</span> <span class='ocrx_word' id='word_1_224' title='bbox 313 4211 350 4261; x_wconf 83' lang='lat' dir='ltr'>De</span> <span class='ocrx_word' id='word_1_225' title='bbox 368 4213 444 4262; x_wconf 81' lang='lat' dir='ltr'>B.·G.</span> <span class='ocrx_word' id='word_1_226' title='bbox 462 4214 482 4262; x_wconf 94' lang='lat' dir='ltr'>I.</span> <span class='ocrx_word' id='word_1_227' title='bbox 500 4213 607 4265; x_wconf 77' lang='lat'>41-47.</span> 
     </span>
     <span class='ocr_line' id='line_1_29' title="bbox 268 4303 812 4368; baseline 0.004 -16"><span class='ocrx_word' id='word_1_228' title='bbox 268 4305 295 4359; x_wconf 80' lang='grc'>3)</span> <span class='ocrx_word' id='word_1_229' title='bbox 314 4303 362 4352; x_wconf 84' lang='grc' dir='ltr'>Βίο</span> <span class='ocrx_word' id='word_1_230' title='bbox 380 4320 432 4368; x_wconf 79' lang='lat' dir='ltr'>oap.</span> <span class='ocrx_word' id='word_1_231' title='bbox 450 4305 490 4355; x_wconf 81' lang='lat'>48.</span> <span class='ocrx_word' id='word_1_232' title='bbox 510 4303 577 4353; x_wconf 82' lang='lat' dir='ltr'>Caes.</span> <span class='ocrx_word' id='word_1_233' title='bbox 596 4304 625 4353; x_wconf 84' lang='lat' dir='ltr'>de</span> <span class='ocrx_word' id='word_1_234' title='bbox 643 4306 671 4354; x_wconf 91' lang='lat' dir='ltr'>B.</span> <span class='ocrx_word' id='word_1_235' title='bbox 689 4306 718 4355; x_wconf 85' lang='lat' dir='ltr'>G.</span> <span class='ocrx_word' id='word_1_236' title='bbox 737 4306 757 4355; x_wconf 91' lang='grc' dir='ltr'>Ι.</span> <span class='ocrx_word' id='word_1_237' title='bbox 773 4308 812 4355; x_wconf 79' lang='lat'>50.</span> 
     </span>
    </p>
   </div>
   <div class='ocr_carea' id='block_1_7' title="bbox 0 0 1716 5188">
    <p class='ocr_par' dir='ltr' id='par_1_8' title="bbox 0 0 1716 5188">
     <span class='ocr_line' id='line_1_30' title="bbox 0 0 1716 5188; baseline 0 0"><span class='ocrx_word' id='word_1_238' title='bbox 0 0 1716 5188; x_wconf 95' lang='lat' dir='ltr'> </span> 
     </span>
    </p>
   </div>
  </div>
 </body>
</html>
