3424 5188
880 550 922 610 46

350 755 508 820 demmodi
545 758 660 820 erroris
699 758 845 840 exempla
876 760 941 839 ,jam
974 778 1070 841 supra
1101 760 1246 822 indicavi.
1283 759 1375 836 Quod
1407 760 1469 825 Dio

349 881 435 943 addit
464 881 649 944 Brittannos
680 883 794 946 deinde
823 887 925 946 eastra
955 882 1171 946 Romanorum
1196 902 1266 949 esse
1294 905 1468 970 aggressos,

347 1025 413 1069 non
435 1012 483 1070 est
505 1025 629 1070 verum.
651 1005 723 1068 Hoc
744 991 877 1070 fortasse
899 1009 1035 1089 sumpsit
1058 1026 1099 1070 ex
1124 1007 1228 1072 verbis
1252 1006 1394 1074 Caesaris
1419 1011 1466 1091 ll:

352 1130 503 1211 „barbari
533 1132 674 1196 celeriter
696 1152 812 1215 magna
834 1132 1039 1196 multitudine
1060 1133 1219 1218 peditatus
1242 1137 1468 1218 equitatusque

349 1260 456 1318 coacta
486 1257 533 1318 ad
564 1262 702 1320 castra
732 1256 970 1320 venerunt.’'
999 1256 1072 1320 Non
1095 1263 1201 1322 autem
1225 1264 1327 1323 castra
1349 1262 1468 1343 agressi

350 1385 433 1462 sunt,
468 1381 524 1445 sed
557 1387 630 1444 ante
660 1387 762 1444 castra
790 1401 932 1465 pugnam
963 1384 1192 1446 commiserunt
1221 1386 1251 1446 et
1274 1404 1292 1446 a
1314 1382 1467 1446 Romanis

348 1507 424 1570 victi
456 1512 533 1586 sunt
556 1507 594 1588 2).
624 1505 776 1590 Sequitur
797 1527 861 1590 pax
885 1513 916 1570 et
940 1505 1054 1570 Caesar
1076 1509 1111 1570 in
1135 1507 1270 1572 Galliam
1293 1511 1468 1573 revertitur.

393 1631 497 1696 Venio
527 1651 616 1696 nunc
646 1632 685 1695 ad
717 1634 867 1715 quintum
890 1632 965 1696 belli
989 1631 1101 1695 Gallici
1124 1652 1254 1714 annum,
1277 1633 1470 1697 adulteram

350 1757 583 1840 expeditionem
615 1756 757 1822 Caesaris
788 1759 823 1820 in
855 1756 1075 1839 Brittanniam,
1108 1759 1147 1822 de
1178 1779 1241 1841 qna
1264 1756 1326 1822 Dio
1350 1757 1469 1842 agith

350 1880 410 1944 XL
440 1901 505 1964 cap.
539 1883 634 1963 1—3,
665 1882 723 1946 ubi
752 1884 787 1945 in
812 1883 881 1946 aliis
906 1901 979 1945 cum
1004 1881 1135 1946 Caesare
1158 1883 1324 1969 censentit,
1345 1885 1381 1945 in
1401 1883 1471 1947 aliis

350 2005 389 2070 ab
421 2026 457 2070 eo
482 2007 592 2071 differt
618 2005 707 2082 Quae
730 2007 839 2072 eodem
864 2007 958 2070 modo
983 2027 1018 2070 ac
1041 2005 1155 2071 Caesar
1176 2012 1284 2070 narrat
1306 2026 1372 2070 non
1394 2015 1471 2071 suut

350 2132 516 2214 ejusmodi,
539 2137 576 2196 ut
600 2133 817 2197 demonstrent
839 2153 914 2197 eum
938 2135 1179 2197 commentarios
1202 2132 1393 2215 adhibuisse,
1417 2133 1472 2196 sed

351 2259 452 2321 multo
489 2260 597 2322 minus
633 2259 828 2322 contrarium
859 2257 952 2322 nobis
982 2257 1123 2341 probant.
1154 2257 1268 2341 Itaque
1289 2277 1341 2322 me
1364 2258 1403 2320 ad
1427 2277 1472 2339 ea,

351 2401 433 2465 quae
465 2389 541 2446 sunt
572 2384 705 2464 diversa,
736 2359 885 2447 converto
917 2365 956 2446 de
986 2383 1091 2465 iisque
1113 2401 1215 2465 pauca
1238 2381 1414 2464 disputab0,
1434 2387 1474 2445 ut

350 2514 498 2592 appareat
520 2511 554 2571 in
577 2509 640 2572 illis
665 2508 814 2573 omnibus
839 2508 1004 2572 Caesarem
1027 2510 1191 2573 veritatem
1213 2509 1388 2572 tradidisse.
1411 2507 1472 2572 Dio

352 2633 427 2696 dicit
457 2633 642 2697 Brittannos
666 2635 766 2698 classe
788 2634 1007 2699 Romanorum
1030 2634 1163 2718 appulsa
1188 2652 1221 2698 se
1245 2634 1474 2698 contulissem

349 2759 419 2822 loca
442 2759 640 2823 densissimis
665 2760 754 2824 silvis
774 2759 876 2824 obsita
896 2759 1005 2843 ibique
1023 2765 1155 2823 nanctos
1173 2778 1242 2824 esse
1254 2761 1474 2840 munitionem,

353 2904 447 2967 quam
472 2886 571 2948 caesis
597 2886 630 2948 in
654 2887 792 2949 circuitu
816 2884 983 2950 arboribus
1002 2885 1137 2968 aliisque
1157 2884 1324 2947 ordinatim
1342 2885 1475 2966 insuper

351 3011 489 3093 aggestis
522 3009 729 3074 confecerant.
764 3009 843 3075 Inde
877 3011 1079 3094 pabulatores
1114 3010 1274 3074 Romanos
1305 3009 1473 3074 vexabant.

353 3134 502 3198 Crederes
533 3136 614 3199 hanc
644 3138 856 3201 munitionem
887 3156 957 3201 esse
987 3129 1192 3217 exstructam,
1223 3141 1259 3199 ut
1289 3153 1323 3198 se
1351 3155 1475 3218 suaque

353 3265 462 3324 contra
491 3260 652 3325 Romanos
688 3260 900 3344 defenderent,
924 3262 979 3326 sed
1001 3262 1086 3345 apud
1109 3261 1273 3325 Caesarem
1299 3263 1329 3340 3)
1351 3261 1475 3324 inveni-

351 3405 425 3449 mus
455 3387 542 3450 hunc
564 3405 634 3450 esse
655 3387 770 3468 locum,
797 3407 921 3470 ,quem
944 3389 1108 3452 domestici
1131 3386 1213 3469 belli,
1239 3392 1277 3451 ut
1300 3386 1475 3468 videbatur,

353 3529 449 3574 causa
475 3513 542 3593 Jam
573 3516 645 3575 ante
675 3513 966 3595 praeparaverant,”
995 3514 1082 3596 quod
1105 3512 1165 3576 Dio
1190 3513 1304 3576 addere
1325 3513 1473 3596 neglexit.

353 3634 512 3699 Brittanni
536 3655 578 3700 ex
599 3637 688 3700 silvis
711 3639 775 3700 rari
798 3637 1042 3721 propugnabant
1061 3636 1287 3720 Romanosque
1305 3639 1388 3701 intra
1405 3658 1475 3700 mu·

353 3764 507 3827 nitionem
529 3764 652 3848 ingredi
674 3764 883 3847 prohibebant
903 3766 944 3847 4),
966 3765 1051 3848 quod
1071 3763 1204 3828 fortasse
1223 3765 1307 3827 idem
1320 3768 1377 3845 est,
1390 3763 1476 3846 quod

355 3917 501 3926 ———-

390 4007 679 4072 umaawea

389 4098 681 4163 amaemm

389 4188 652 4245 amasus

390 4281 653 4345 emamus
