3424 5188
792 598 830 661 51

253 813 370 876 tudine
387 833 405 876 a
427 811 580 876 Romanis
604 817 817 896 cognoverant
839 817 870 876 et
889 833 907 876 a
927 813 1068 896 captivis
1089 832 1170 896 quos
1183 812 1221 876 de
1233 814 1376 877 exercitu

252 938 417 1020 habebant,
442 938 642 1002 docebantur.
666 909 874 1002 Multitudine
896 937 1063 1001 hominum
1083 957 1199 1021 magna
1218 938 1375 1002 celeritate

255 1084 334 1149 opus
356 1063 519 1148 perficitur
542 1065 580 1146 1).

298 1189 478 1273 Aliquoties
510 1190 613 1271 etiam,
641 1195 679 1253 ut
699 1190 735 1252 in
757 1189 915 1272 ejusmodi
937 1207 972 1252 re
994 1187 1063 1252 fieri
1086 1165 1167 1270 solit,
1191 1188 1376 1252 dimicatum

255 1321 311 1397 est,
345 1317 380 1378 in
415 1314 533 1399 quibus
566 1315 694 1399 proeliis
724 1313 825 1377 multo
857 1315 957 1397 major
986 1332 1142 1377 numerus
1170 1312 1376 1389 barbarorum

254 1440 438 1504 interfectus
463 1445 511 1504 est
534 1442 572 1522 2).
595 1439 763 1503 Praeterea
784 1411 845 1502 Dio
871 1439 909 1502 de
933 1458 992 1503 suo
1016 1438 1137 1502 addidit
1162 1437 1269 1502 Gallos
1292 1437 1377 1500 mul-
1472 1413 1474 1418 Ι

255 1567 392 1630 titudine
423 1585 556 1629 suorum
582 1584 624 1629 ne
647 1566 785 1628 sensisse
808 1565 946 1647 quidem,
971 1565 998 1628 si
1021 1564 1177 1647 quosdam
1199 1563 1378 1646 amiserant,

257 1692 312 1756 sed
341 1689 502 1754 Romanos
533 1710 672 1773 quorum
702 1709 821 1774 parvus
851 1709 1006 1754 numerus
1037 1694 1103 1753 erat
1132 1690 1220 1753 hisce
1249 1689 1378 1773 proeliis

256 1812 357 1877 multo
390 1814 557 1879 debiliores
591 1834 661 1880 esse
693 1815 799 1879 factos.
833 1813 934 1897 Quod,
965 1833 1160 1898 quamquam
1191 1815 1259 1878 sine
1282 1814 1379 1878 dubio

257 1958 369 2003 verum
400 1945 456 2022 est,
486 1940 577 2004 facilc
601 1940 639 2006 ab
663 1959 860 2023 unoquoque
884 1941 957 2003 addi
979 1941 1091 2023 potuit,
1115 1940 1172 2022 qui
1196 1939 1281 2024 apud
1305 1938 1380 2002 Cae-

258 2085 360 2128 sarem
393 2065 520 2149 legerat‚
555 2071 675 2149 quanta
708 2066 880 2129 multitudo
913 2065 1122 2129 barbarorum
1154 2065 1250 2129 fuerit
1284 2067 1313 2146 3)
1350 2071 1381 2128 et

259 2210 354 2273 quam
388 2191 483 2274 pauci
517 2190 697 2254 defensores
727 2193 795 2274 jam
825 2193 936 2275 paucis
968 2196 1040 2275 post
1068 2191 1180 2255 diebus
1203 2190 1380 2254 incolumes

259 2313 474 2397 supeduerint
506 2316 546 2396 4).
581 2314 670 2379 Haec
703 2317 817 2398 omnia,
848 2316 960 2379 ultimo
993 2321 1134 2399 excepto,
1166 2321 1203 2379 ut
1232 2317 1267 2378 in
1295 2316 1381 2379 notis

258 2439 397 2502 indicavi
419 2422 659 2523 paulolongius
679 2442 908 2504 etaccuratius
928 2441 1013 2525 apud
1033 2439 1381 2505 Caesareminveniun-

258 2570 313 2628 tur
346 2570 376 2628 et
411 2570 487 2628 sunt
516 2566 681 2648 ejusmodi,
708 2571 745 2630 ut
774 2569 832 2630 vix
861 2567 1010 2632 credibile
1040 2571 1123 2632 esset
1145 2566 1282 2631 Dionem
1304 2551 1382 2632 haec

259 2708 515 2773 commemorare,
537 2692 565 2754 si
589 2690 730 2756 Caesaris
754 2694 997 2758 commentarios
1020 2713 1087 2756 non
1109 2692 1313 2757 adhibuisset

304 2815 467 2900 incapite
491 2817 637 2900 sequenti
660 2818 736 2900 (cap.
761 2819 791 2899 8)
815 2824 1040 2882 commemorat
1060 2817 1222 2882 Romanos
1247 2817 1383 2881 vulnera

260 2961 371 3005 curare
403 2961 469 3005 non
503 2943 645 3025 potuisse
673 2943 781 3026 inopia
809 2945 1062 3007 necessariorum
1092 2944 1158 3023 (τῶν
1189 2940 1381 3025 ἐπιτηδείων),

259 3086 366 3151 neque
388 3067 568 3132 abundasse
589 3069 679 3152 copia
699 3068 853 3133 frumenti
874 3088 980 3153 neque
1001 3071 1041 3134 iis
1065 3069 1186 3133 auxilio
1211 3088 1281 3133 esse
1303 3088 1383 3133 ven-

260 3197 332 3256 tum
361 3212 402 3256 ex
432 3193 564 3276 reliquis
594 3192 744 3276 hibernis,
769 3214 965 3278 quamquam
987 3214 1054 3258 non
1077 3194 1248 3258 admodum
1271 3193 1384 3278 procul

261 3318 398 3383 aberant.
431 3317 520 3394 Quae
549 3319 682 3384 fortasse
713 3326 789 3384 sunt
818 3341 902 3403 vera,
934 3322 989 3385 sed
1014 3320 1128 3386 Caesar
1152 3322 1190 3385 de
1213 3321 1264 3384 his
1286 3319 1384 3383 rebus

261 3445 454 3508 mentionem
477 3463 543 3507 non
565 3444 640 3509 facit
661 3451 881 3530 praeterquam
906 3448 992 3531 quod
1015 3448 1091 3510 dicit
1115 3449 1145 3530 5)
1171 3467 1213 3530 se,
1237 3446 1323 3531 quod
1347 3464 1384 3509 eo

263 3588 346 3632 anno
375 3568 574 3633 frumentum
604 3570 639 3632 in
670 3569 772 3634 Galba
793 3575 921 3655 propter
943 3572 1098 3636 siccitates
1122 3571 1291 3655 angustius
1313 3589 1385 3654 pro·
1458 3607 1461 3611 ·

262 3697 400 3778 venerat
422 3699 567 3758 coactum
589 3714 659 3760 esse
681 3696 772 3760 aliter
793 3716 830 3760 ac
852 3697 1070 3781 superioribus
1094 3698 1186 3762 annis
1207 3697 1384 3761 exercitum

265 3859 411 3870 ..—

298 3965 580 4028 Dffibstlffl

298 4057 582 4121 &mudum

297 4149 322 4213 3)
340 4149 375 4198 De
393 4150 420 4198 B.
438 4149 466 4197 G.
489 4148 516 4198 V.
535 4149 578 4200 42.

298 4241 324 4305 4)
342 4241 378 4289 De
396 4241 423 4289 B.
441 4240 470 4288 G.
491 4239 519 4288 V.
537 4242 578 4288 45.

300 4330 576 4395 QWRRWM
