3424 5188
904 552 944 611 74

365 760 466 842 primo
498 759 727 824 dissertationis
758 779 829 823 mea
859 761 1073 824 demonstrare
1101 766 1234 824 conatus
1258 781 1338 825 sum.
1361 760 1484 826 Deinde

364 890 455 966 putat
489 885 518 965 1)
553 883 689 948 Dionem
718 887 753 948 in
787 906 853 949 una
886 905 1014 968 quaeue
1047 891 1134 969 parte
1163 886 1236 949 libri
1259 889 1310 950 sui
1333 907 1398 950 non
1420 889 1484 951 nisi

364 1029 470 1072 unum
504 1009 625 1073 fontem
652 1009 843 1092 adhibuisse,
874 1011 959 1093 quod
989 1012 1155 1094 perspicue
1178 1011 1295 1075 falsum
1319 1016 1375 1092 est,
1397 1013 1424 1074 si
1448 1016 1485 1074 ut

366 1155 462 1218 supra
494 1134 708 1198 demonstravi
735 1117 769 1197 in
796 1136 911 1216 Judicii
933 1135 1076 1200 Clodiani
1098 1136 1231 1200 historia
1254 1138 1347 1200 etiam
1373 1139 1485 1200 oratio-

366 1259 462 1322 nibus
500 1279 580 1323 usus
614 1265 669 1323 est
705 1259 893 1324 Incredibile
923 1261 1009 1324 enim
1040 1266 1123 1324 esset
1153 1280 1228 1325 eum
1261 1261 1407 1325 hausisse
1442 1281 1483 1325 ex

279 1443 285 1452 .
365 1386 569 1468 orationibus,
604 1387 632 1449 si
665 1405 769 1449 unum
805 1390 928 1448 tantum
963 1386 1150 1449 historicum
1172 1387 1208 1447 in
1231 1386 1366 1468 singulis
1388 1386 1484 1450 rebus

365 1512 550 1576 enarrandis
583 1511 786 1575 adhibuisset.
821 1510 987 1575 Praeterea
1018 1508 1080 1572 Dio
1113 1511 1181 1593 ipse
1215 1509 1292 1590 (Lib.
1316 1510 1340 1573 Ι.
1365 1529 1429 1595 cap.
1453 1513 1484 1592 2)

365 1639 560 1702 contrarium
593 1639 682 1701 dicit:
767 1686 773 1701 .
786 1635 888 1700 πάντα
911 1637 947 1709 ὦς
970 1636 1059 1702 εἰπεῖν
1083 1634 1123 1699 τὰ
1146 1634 1210 1715 περὶ
1233 1636 1330 1698 αὐτῶν
1353 1659 1410 1698 τισι
1432 1659 1484 1712 γε·

365 1760 538 1841 γραμμὲνα,
570 1760 743 1841 συνέγραψα
773 1762 804 1824 δὲ
827 1762 858 1825 οὐ
883 1759 993 1834 πάντα,
1017 1761 1088 1824 ἀλλ’
1112 1759 1167 1826 ὅσοι
1190 1757 1326 1839 dibapha,
1350 1761 1406 1824 ubi
1428 1763 1486 1824 vix

365 1889 453 1953 aliud
477 1891 649 1972 quiequam
674 1889 814 1972 suppleri
835 1907 928 1972 posse
950 1888 1077 1951 videtur
1099 1907 1134 1950 ac
1155 1885 1306 1964 ἀνέγνωκοι
1326 1891 1382 1950 aut
1399 1861 1485 1950 ahud

367 2014 444 2097 quid
467 2014 631 2095 ejusmodi.

410 2139 534 2204 Deinde
565 2140 726 2204 Grasshof·
737 2142 767 2222 1)
798 2143 979 2224 suspicatur
1000 2139 1136 2203 Dionem
1159 2140 1303 2203 hausisse
1326 2158 1367 2202 ex
1390 2141 1486 2222 scrip-

365 2270 441 2347 tore,
477 2267 587 2348 quiet
610 2265 774 2330 Caesarem
798 2271 829 2330 et
851 2266 1000 2329 Asinium
1025 2264 1202 2328 Pollionem
1224 2264 1342 2348 legerat
1365 2271 1396 2328 et
1418 2270 1486 2328 tan-

366 2391 438 2453 dem
460 2391 547 2453 hunc
570 2392 755 2474 scriptorem
777 2391 876 2454 fuisse
899 2389 1026 2454 Livium
1052 2391 1221 2454 contendit.

409 2514 605 2580 Prudentius
642 2515 774 2579 fortasse
807 2515 942 2597 fecisset,
976 2516 1003 2578 si
1036 2514 1132 2597 paulo
1165 2515 1273 2578 minus
1308 2516 1486 2598 suspicatus

366 2647 449 2706 esset
471 2645 567 2724 atque
590 2641 837 2704 demonstrasset
858 2642 1012 2724 epitomas
1024 2639 1172 2704 Livianus
1184 2641 1285 2724 magis
1298 2660 1370 2703 cum
1384 2639 1487 2704 Dione

367 2786 464 2850 quam
492 2786 567 2830 cum
591 2766 723 2831 Caesare
745 2768 931 2830 consentire.
956 2765 1049 2841 Quod
1073 2768 1149 2848 quia
1170 2785 1235 2829 non
1257 2765 1332 2829 fecit
1353 2785 1410 2850 ego
1433 2785 1486 2830 aas

366 2894 461 2956 etiam
484 2895 586 2976 magis
610 2913 706 2975 quam
731 2897 762 2956 et
781 2892 945 2955 ostendam
966 2891 1094 2955 Livium
1114 2911 1188 2955 cum
1205 2892 1269 2954 illis
1281 2889 1486 2974 scriptoribus

366 3035 554 3100 componam
577 3015 712 3080 Dionem
733 3019 767 3079 in
793 3016 905 3080 Gallici
927 3017 1001 3081 belli
1023 3018 1154 3081 historia
1173 3016 1315 3081 Caesaris
1328 3037 1487 3080 commen-

366 3143 462 3206 tarios
485 3148 648 3224 tamquam
672 3143 806 3205 unicum
829 3143 948 3206 fontem
973 3142 1155 3206 adhibuisse
1177 3133 1281 3225 neque
1304 3147 1369 3205 tam
1388 3142 1487 3225 negli-

365 3272 476 3350 genter
504 3266 591 3330 fonte
621 3285 680 3330 suo
710 3285 780 3330 esse
809 3287 914 3330 usum.
938 3267 1102 3350 Epitomae
1125 3265 1283 3349 Livianae,
1306 3269 1399 3331 utin
1421 3273 1486 3330 tam

365 3392 454 3456 brevi
484 3394 663 3456 narratione
693 3411 800 3455 rerum
823 3397 984 3475 gestarum
1008 3393 1065 3454 vix
1088 3392 1178 3455 ahter
1198 3391 1267 3455 fieri
1289 3398 1399 3475 potest,
1421 3393 1486 3475 ple-

365 3537 503 3601 rumque
532 3524 659 3582 etcum
681 3517 785 3582 Dione
808 3522 935 3582 etcum
960 3517 1092 3582 Caesare
1115 3520 1327 3582 consentiunt.
1351 3517 1486 3581 Nullum

364 3645 472 3707 locum
494 3645 612 3725 inveni,
635 3643 693 3707 ubi
715 3664 734 3706 a
758 3642 889 3707 Caesare
913 3644 1099 3727 discrepant
1120 3644 1176 3708 sed
1191 3643 1294 3708 tribus
1313 3644 1392 3708 locis
1412 3663 1485 3706 eum

365 3768 469 3834 Dione
490 3790 556 3834 non
579 3770 789 3833 consentiunt
813 3768 942 3833 Primus
964 3769 1054 3833 locus
1076 3769 1193 3853 legitur
1214 3767 1281 3832 Lib.
1307 3767 1395 3832 CIV:
1424 3788 1487 3850 „ac

366 3895 480 3959 deinde
508 3899 617 3958 contra
645 3893 781 3958 Nervios
810 3914 909 3957 unam
932 3914 974 3958 ex
995 3895 1045 3958 his
1069 3894 1251 3959 civitatibus
1274 3914 1349 3958 cum
1370 3913 1486 3978 magno

398 4207 423 4268 l)
444 4222 498 4269 pag.
516 4207 556 4256 23.

398 4295 423 4359 2)
440 4311 493 4359 pag.
511 4296 550 4346 24.
