3424 5188
774 551 814 613 37

236 760 278 822 sit
299 777 341 822 ex
363 777 401 822 ea
423 778 466 841 re,
489 760 575 843 quod
598 758 712 824 Caesar
734 761 837 824 multa
861 761 937 824 dioit
962 761 992 843 1)
1016 761 1055 825 de
1075 760 1260 846 difficultate
1279 781 1360 845 pug-

235 883 333 946 nandi
363 883 500 947 navibus
531 885 637 967 parvis
670 888 701 948 et
729 883 856 948 levibus
884 883 1102 948 Romanorum
1125 903 1199 949 oum
1222 885 1360 949 navibus

235 1009 442 1074 barbarorum
472 1011 597 1096 magnis
629 1011 768 1093 totisque
800 1029 841 1074 ex
864 1009 976 1074 robore
999 1009 1098 1074 factis.
1122 1009 1172 1075 De
1195 1011 1304 1074 eadem
1326 1030 1361 1075 re

234 1132 296 1198 Dio
325 1135 361 1196 in
392 1135 493 1218 capite
525 1135 673 1218 sequenti
698 1136 728 1216 2)
758 1135 868 1198 eadem
890 1133 956 1198 fere
981 1154 1064 1218 quae
1087 1134 1201 1199 Caesar
1226 1135 1256 1217 1)
1286 1135 1362 1198 dicit

235 1258 291 1322 sed
313 1262 474 1341 praeterea
495 1258 651 1322 nonnulla
671 1258 709 1322 de
728 1277 788 1322 suo
809 1258 938 1340 addidit,
961 1277 1043 1341 quae
1054 1257 1193 1322 breviter
1202 1257 1358 1321 indicabo.

122 1415 128 1420 -
233 1380 319 1447 Dicit
350 1381 500 1447 barbaros
531 1383 665 1448 classem
687 1381 905 1447 Romanorum
928 1387 1055 1466 propter
1077 1383 1209 1446 navium
1234 1383 1359 1467 exigui-

235 1512 332 1571 tatem
364 1509 520 1591 sprevisse
551 1513 582 1572 et
613 1509 718 1571 statim
746 1527 845 1572 naves
868 1527 944 1572 suas
966 1512 1062 1571 vento
1085 1507 1186 1571 multo
1210 1508 1357 1571 incitatas

236 1632 387 1696 eduxisse
420 1632 459 1696 ad
492 1652 643 1718 pugnam,
677 1652 814 1715 quarum
847 1651 957 1696 rerum
987 1632 1122 1696 aiterum
1154 1633 1185 1714 3)
1217 1632 1312 1695 modo
1340 1652 1359 1695 a

237 1755 368 1821 Caesare
401 1758 572 1821 memoriae
605 1757 757 1840 proditur.
793 1757 979 1822 Admodum
1014 1758 1151 1821 stultum
1182 1762 1238 1840 est,
1271 1758 1358 1841 quod

236 1882 351 1946 deinde
378 1884 540 1966 sequitur:
568 1883 675 1964 ,velis
698 1883 783 1946 enim
806 1901 848 1946 ex
870 1883 1008 1966 pellibus
1030 1881 1210 1964 utebantur,
1233 1886 1270 1945 ut
1293 1901 1361 1945 om-

235 2027 310 2071 nem
331 2009 419 2071 venti
440 2009 594 2092 impetum
618 2007 830 2091 exciperent.”
853 2007 1033 2072 Utebantur
1055 2007 1134 2072 velis
1159 2027 1200 2072 ex
1223 2006 1360 2090 pellibus

237 2134 292 2198 sed
326 2154 395 2197 nun
429 2139 465 2198 ut
497 2135 585 2198 venti
618 2135 774 2217 impetum
804 2133 920 2197 melius
951 2133 1142 2216 exciperent,
1174 2132 1230 2197 sed
1264 2133 1358 2214 „sive

235 2266 363 2346 propter
384 2262 443 2325 lini
464 2263 604 2346 inopiam
625 2263 760 2345 ejusque
778 2261 976 2342 inscendam,
996 2263 1072 2344 sive,
1093 2260 1179 2344 quod
1199 2265 1248 2324 est
1257 2261 1360 2345 magis

236 2388 416 2470 verisimile,
440 2387 527 2471 quod
548 2391 653 2452 tantas
675 2391 878 2470 tempestates
898 2385 1015 2450 Ooeani
1034 2390 1203 2469 tantosque
1220 2386 1360 2468 impetus

234 2519 404 2578 ventorum
427 2515 577 2578 sustineri
601 2532 637 2576 ao
656 2517 744 2576 tanta
764 2531 860 2577 onera
879 2513 1011 2575 navium
1030 2512 1098 2595 regi
1114 2511 1194 2575 velis
1205 2529 1271 2574 non
1283 2510 1360 2574 satis

236 2639 401 2702 commodo
432 2658 526 2723 posse
557 2637 812 2702 arbitrabantur''
843 2640 883 2718 4).
918 2636 1007 2714 Quae
1037 2636 1099 2701 Dio
1130 2638 1231 2720 capite
1253 2638 1295 2699 42
1320 2637 1359 2702 de

234 2785 344 2850 pugna
376 2767 482 2829 navali
515 2767 586 2849 ipsa
617 2769 725 2828 narrat
759 2784 824 2828 non
854 2764 956 2828 multo
988 2764 1103 2827 melius
1135 2781 1204 2827 sese
1234 2761 1359 2826 habent.

235 2890 349 2973 Neque
376 2891 462 2954 enim
491 2890 623 2971 Brutus,
654 2910 751 2973 quam
783 2890 839 2953 diu
861 2909 997 2973 magnus
1019 2893 1136 2953 ventus
1159 2887 1256 2970 flavit,
1278 2907 1360 2970 pug-

235 3035 311 3079 nam
345 3016 541 3080 committere
574 3035 641 3079 non
673 3035 773 3080 ausus
807 3020 864 3097 est,
892 3034 999 3098 neque
1029 3016 1064 3078 in
1095 3016 1202 3078 animo
1225 3013 1361 3077 habebat

236 3158 347 3203 eorum
378 3140 517 3222 impetus
546 3141 581 3203 in
604 3144 687 3203 terra
711 3137 882 3222 depellere,
905 3139 961 3203 sed
985 3158 1085 3222 quum
1109 3135 1251 3201 Caesaris
1275 3156 1360 3200 eom·

236 3266 408 3329 meritorios
433 3270 506 3329 ante
528 3265 638 3330 oeulos
661 3262 722 3329 Dio
745 3263 882 3347 haberet,
901 3264 1011 3347 ibique
1030 3262 1141 3346 legerit
1155 3263 1202 3343 5):
1226 3280 1358 3345 ,neque

236 3392 312 3456 satis
342 3392 454 3474 Brute,
485 3392 541 3474 qui
564 3391 658 3456 classi
680 3394 831 3474 praeerat,
853 3391 904 3454 vel
927 3388 1065 3453 tribunis
1087 3389 1227 3452 militum
1250 3392 1360 3452 eentu-

235 3516 455 3600 rionibusque,
486 3515 604 3600 quibus
635 3516 781 3599 singulae
803 3533 901 3579 naves
923 3519 1014 3579 erant
1035 3513 1212 3595 attributae,
1235 3517 1360 3576 oonsta-

236 3643 297 3725 bat,
329 3642 408 3726 quid
440 3646 570 3726 agerent
599 3646 655 3705 aut
686 3661 783 3725 quam
812 3643 967 3704 rationem
988 3659 1114 3724 pugnae
1137 3637 1359 3718 insisterent;”

237 3818 382 3830 .-——-

271 3923 349 3989 1)De
367 3923 395 3973 B.
413 3923 443 3973 G.
460 3923 508 3972 111.
527 3923 567 3972 13.

269 4013 294 4079 2)
311 4011 370 4078 Cap.
388 4013 429 4062 41.

268 4106 292 4165 3)
309 4105 346 4154 De
364 4105 392 4155 B.
412 4103 441 4154 G.
460 4104 507 4154 ΙΙΙ.
526 4104 566 4154 14.

269 4196 295 4262 4)
312 4196 348 4245 De
366 4195 395 4245 B.
413 4194 443 4245 G.
461 4194 506 4244 111.
525 4195 564 4243 18.

269 4287 295 4345 5)
314 4287 350 4335 De
368 4286 397 4336 B.
414 4285 444 4336 (i.
462 4285 510 4334 111.
530 4286 569 4333 14.
