3424 5188
382 1040 448 1103 IIv.
472 1040 597 1106 XXIII.
624 1043 681 1106 16:

382 1166 501 1250 Ingens
537 1185 573 1244 eo
606 1167 656 1230 die
687 1186 737 1231 res
767 1187 804 1231 aa
834 1170 941 1232 nescio
965 1188 1006 1231 an
1028 1168 1244 1232 max'imaillo
1266 1169 1348 1232 bello
1370 1173 1458 1251 gesta

339 1294 388 1373 sIt,
419 1311 484 1354 non
515 1294 601 1354 vinei
624 1293 707 1356 enim
733 1293 771 1355 ab
795 1292 975 1357 Hannibale
997 1293 1274 1358 vincentibus
1298 1291 1459 1356 difficilius

337 1417 400 1481 fuit
425 1437 522 1500 quam
543 1423 652 1501 postea
674 1421 809 1483 vincere.

385 1541 447 1604 Pro
475 1541 723 1622 „vincentibus”
745 1543 815 1631 lege
841 1546 954 1624 „vinci
976 1544 1106 1608 solitIs.”

864 1791 941 1848 XXI.

387 1969 480 2032 Tacit.
504 1969 588 2030 Anu.
612 1968 668 2031 VI.
694 1968 729 2030 1:

384 2093 453 2157 Vos
491 2093 638 2174 obtestor,
673 2112 714 2156 ne
746 2095 931 2157 memoriam
966 2095 1104 2156 nostri
1135 2112 1206 2176 per
1235 2112 1462 2157 maerorem

342 2239 439 2302 quam
473 2219 547 2282 laeti
581 2219 751 2300 retineatis,
787 2218 961 2298 adjiciendo
997 2237 1048 2281 me
1080 2237 1208 2300 quoque
1237 2219 1286 2299 iis,
1318 2219 1374 2300 qui
1402 2217 1466 2281 fine

344 2347 470 2429 egregio
493 2344 621 2427 publica
643 2344 727 2406 mala
749 2343 934 2427 effugenmt.

385 2469 463 2533 Post
489 2467 636 2549 „nostri”
659 2470 764 2533 insere
790 2468 951 2552 „potius”

857 2714 949 2772 XXII.

385 2915 515 2980 Curtius
532 2897 643 2980 'Rufus
665 2916 722 2979 III.
750 2936 815 3000 cap.
839 2915 897 2978 XI.
921 2917 985 2998 (27)
1012 2918 1069 2979 15:
1176 2905 1183 2916 ’

386 3044 472 3127 Ilqui
502 3046 618 3128 pariter
650 3045 838 3127 equitesque
867 3045 1038 3108 Persarum
1070 3047 1183 3108 serie
1213 3045 1465 3108 laminarum

343 3169 390 3232 ob
431 3170 472 3233 id
510 3188 646 3252 genus
689 3189 842 3253 graves
885 3172 1150 3251 oertaminis‚
1189 3170 1275 3253 quod
1309 3170 1466 3234 oeleutate

340 3297 481 3359 maxime
500 3301 631 3376 constat
655 3314 748 3378 aegre
772 3294 992 3358 moliebantur.

384 3419 475 3502 Leg.:
505 3421 585 3483 serie
608 3419 800 3482 laminarum
824 3438 938 3502 graves
961 3419 1000 3482 ob
1023 3419 1056 3482 id
1079 3438 1181 3502 genus
1205 3420 1386 3482 certaminis
1409 3425 1465 3482 et.

716 3685 723 3696 -
847 3652 956 3710 XXIII.

387 3855 518 3919 Curtius
540 3854 646 3918 Rufus
668 3854 724 3916 VI.
748 3853 806 3916 IX.
831 3855 896 3935 (34)
921 3856 980 3917 19:

384 3979 524 4043 Videbar
553 3981 640 4044 enim
661 3980 740 4042 mihi
769 3984 891 4062 partem
914 3980 1075 4056 viseerum
1098 3997 1244 4041 meorum
1268 3977 1465 4062 abrumpere,

341 4107 377 4186 si,
400 4106 435 4166 in
464 4123 544 4186 quos
567 4110 632 4166 tam
654 4123 771 4186 magna
794 4102 999 4183 continerem,
1021 4102 1149 4164 viliores
1174 4101 1253 4163 milri
1274 4100 1467 4164 facerem.

387 4227 487 4311 Lege:
513 4229 639 4291 viliores
662 4229 740 4290 mihi
765 4228 953 4290 dicerem.
