3424 5188
787 649 827 710 35

242 859 390 922 historias
411 859 541 939 rettulit,
567 878 648 941 quae
671 859 755 941 apud
779 857 944 922 Caesarem
963 859 997 919 in
1018 858 1191 940 reliquisqe
1211 859 1279 921 suis
1298 857 1366 920 fon-

242 984 329 1048 tibus
352 985 477 1067 legerat.

287 1084 410 1173 Tertius
443 1109 555 1172 Gallici
585 1109 659 1173 belli
691 1129 795 1172 annus
819 1130 838 1172 a
860 1107 964 1172 Dione
988 1108 1177 1172 describitur
1198 1109 1234 1171 in
1257 1107 1367 1171 eodem

242 1232 323 1296 libro
335 1210 412 1316 cap.
436 1233 577 1296 40-46.
600 1233 683 1297 Belli
704 1254 778 1296 cum
798 1233 1024 1297 Venetishano
1036 1253 1165 1300 causam
1178 1233 1269 1295 dicit:
1283 1251 1368 1294 oom-

243 1359 448 1441 prehendisse
478 1358 618 1422 Venetos
646 1359 819 1422 nonnullos
841 1358 958 1421 milites
982 1357 1142 1420 Romanos
1166 1357 1205 1419 ad
1227 1356 1368 1420 1111111011-

243 1483 377 1546 tandum
407 1485 521 1574 missos
553 1489 584 1548 et
613 1485 783 1546 retinuisse
813 1484 942 1566 legatos
980 1483 1036 1565 qui
1070 1500 1123 1545 eos
1158 1485 1367 1565 reposcerent,

245 1613 282 1671 ut
310 1609 361 1672 his
391 1609 521 1672 redditis
552 1608 677 1672 obsides
709 1628 784 1672 suos
812 1613 1041 1691 recuperarent.
1069 1606 1162 1683 Quod
1186 1627 1299 1671 verum
1322 1611 1370 1670 est

247 1733 285 1796 de
318 1733 474 1798 militibus
488 1735 527 1815 1),
549 1735 681 1797 nonita
704 1734 742 1798 de
764 1717 894 1817 legatis..
908 1732 982 1796 Non
1005 1735 1091 1797 enim
1114 1732 1229 1797 Caesar
1249 1733 1369 1816 legatos

246 1859 334 1921 misit
355 1859 395 1920 ad
419 1857 566 1940 Venetos,
589 1859 645 1922 sed
667 1857 783 1921 Veneti
805 1858 995 1941 legationem
1015 1857 1055 1921 ad
1074 1855 1109 1920 P.
1132 1857 1282 1920 Crassum
1295 1855 1371 1919 (lae-

247 1983 326 2045 saris
360 1983 493 2066 legatam
528 1983 692 2064 miserunt,
724 1984 752 2046 si
781 1983 858 2046 velit
888 2002 963 2046 suos
990 1983 1137 2064 recipere,
1161 1981 1286 2044 obsides
1310 1981 1371 2044 sibi

246 2108 385 2170 remittat
408 2109 446 2188 2).
470 2105 616 2172 Fortasse
638 2106 699 2170 Dio
722 2108 900 2190 legatorum
922 2109 1117 2171 mentionem
1143 2107 1264 2188 adJecit,
1285 2105 1371 2189 quod
1422 2091 1424 2093 ¹

249 2231 363 2295 Caesar
393 2232 488 2314 paulo
519 2238 591 2315 post
622 2234 697 2296 dicit
727 2234 847 2316 legatos
879 2232 1052 2296 aVenetis
1076 2251 1145 2296 esse
1168 2237 1307 2306 retentos
1332 2233 1372 2312 3),

250 2357 305 2422 sed
334 2357 384 2420 his
415 2357 526 2440 legatis
558 2357 777 2441 significantur
800 2360 916 2422 milites
939 2364 994 2421 aut
1017 2359 1122 2441 potius
1145 2357 1267 2420 tribuni
1289 2357 1372 2419 mili-

249 2487 328 2562 tum,
362 2483 418 2564 qui
448 2481 600 2545 frumenti
635 2503 730 2546 eausa
760 2485 850 2546 missi
882 2488 978 2546 erant.
1010 2481 1144 2546 Obsides
1167 2480 1281 2545 Caesar
1305 2501 1370 2544 non

211 2596 212 2600 ¹
249 2606 393 2687 reddidit,
427 2607 481 2670 sed
516 2608 598 2670 alius
633 2607 719 2670 aliim
753 2609 787 2670 in
822 2608 929 2670 locum
961 2607 1109 2688 dimissis
1139 2606 1193 2668 alii
1217 2610 1254 2668 ut
1279 2624 1372 2689 agros

249 2751 369 2813 eorum,
392 2733 449 2814 qui
470 2752 536 2796 una
558 2751 637 2806 oum
654 2731 786 2797 Venetis
810 2732 987 2796 defecerant
1006 2729 1244 2815 popularentur,
1264 2731 1317 2794 alii
1337 2736 1374 2794 ut

250 2857 351 2920 socios
384 2856 603 2921 Romanorum
637 2858 848 2940 observarent,
879 2877 920 2921 ne
952 2859 1030 2940 qnid
1058 2856 1097 2920 ab
1120 2858 1160 2920 iis
1183 2862 1373 2938 moveretur,

249 2983 317 3064 ipse
339 2984 374 3044 111
397 2981 536 3046 Venetos
558 2982 718 3065 profectus
742 2987 789 3046 est
801 2984 840 3063 4).
863 2980 951 3062 Quae
968 2981 1329 3063 omniaaansareipso
1343 2981 1373 3060 5)

250 3107 456 3172 affirmantur.
478 3105 569 3182 Quod
594 3109 740 3190 sequitur
764 3109 848 3192 apud
871 3106 1007 3171 Dionem
1033 3107 1197 3171 Gaesarem
1219 3109 1253 3169 in
1272 3107 1374 3190 regio-

250 3231 347 3296 nibus
381 3233 620 3296 mediterraneis
654 3235 873 3296 construxisse
909 3234 1044 3315 navigia,
1076 3251 1158 3314 quae
1189 3231 1228 3294 ad
1251 3236 1374 3294 aestum
1445 3268 1448 3271 -

251 3357 348 3418 maris
376 3355 544 3419 ferendum
567 3363 728 3440 acceperat
750 3377 820 3422 esse
841 3358 956 3420 idonea
978 3376 1081 3440 eaque
1103 3377 1159 3440 per
1180 3356 1302 3420 flumen
1322 3355 1375 3419 Li-

250 3481 352 3563 gerim
376 3480 549 3544 deduxisse
572 3482 612 3544 ad
634 3501 730 3564 mare,
752 3502 818 3545 non
841 3487 888 3546 est
907 3501 1027 3546 rerum.
1048 3479 1217 3545 Decimum
1236 3480 1375 3544 Brutum

252 3605 346 3668 classi
378 3604 571 3690 Gallicisque
601 3607 747 3688 navibus,
780 3627 860 3691 quas
892 3626 933 3670 ex
963 3606 1151 3671 Pictonibus
1174 3611 1205 3670 et
1226 3605 1375 3671 Santonis

252 3730 449 3813 reliquisque
470 3733 589 3813 pacatis
611 3732 797 3816 regionibus
820 3735 990 3796 convenire
1010 3701 1158 3814 jusserat,
1177 3731 1318 3814 praeficit
1337 3736 1376 3814 et,

289 4013 567 4072 nmaema

289 4103 571 4165 amncma

290 4197 570 4256 anaema

290 4286 636 4352 qucxmuma

292 4379 663 4448 0000011111.Ι
