3424 5188
922 599 965 660 34

379 813 416 872 ut
439 808 545 872 subito
569 807 650 871 Galli
674 807 748 871 belli
770 807 945 870 renovandi
967 807 1167 890 legionisque
1186 809 1409 892 opprimendae
1429 829 1499 872 cen-

380 933 550 996 eonsilium
575 936 739 1017 caperent:
763 932 913 1015 primum,
938 932 1023 1016 quod
1046 933 1204 1016 legionem
1226 952 1331 1015 neque
1352 952 1421 996 eam
1437 934 1499 1017 ple-

379 1058 545 1121 nissimam
574 1058 721 1122 detractis
745 1057 928 1122 cohortibus
952 1057 1078 1121 duabus
1098 1062 1129 1121 et
1152 1059 1370 1142 compluribus
1394 1061 1499 1142 singil-

379 1183 476 1266 latim,
501 1185 558 1266 qui
582 1188 777 1247 commeatus
800 1184 928 1266 petendi
947 1203 1043 1246 causa
1062 1185 1153 1246 missi
1173 1190 1270 1265 erant,
1288 1190 1499 1269 prepterpau-

379 1310 505 1372 citatem
528 1307 771 1391 despiciebant.’'
794 1307 883 1371 Haec
905 1306 966 1371 Dio
990 1309 1067 1392 legit
1089 1312 1182 1371 etex
1205 1309 1254 1371 his
1279 1329 1338 1372 sua
1357 1312 1498 1394 sumpsit.

379 1432 427 1497 De
461 1433 644 1498 cohortibus
677 1433 802 1496 duabus
838 1433 984 1497 detractis
1013 1433 1127 1514 omisit,
1159 1434 1245 1516 qnod
1274 1453 1379 1518 neque
1410 1441 1499 1499 antea

380 1563 681 1621 commemoraverat
716 1576 769 1620 eas
799 1557 942 1621 cohortes
972 1558 1007 1618 in
1036 1555 1252 1621 Nantuatibus
1275 1576 1344 1622 esse
1368 1559 1497 1622 colloca-

379 1688 427 1746 tas
460 1685 498 1766 1).
536 1683 739 1747 Commeatus
771 1687 878 1746 autem
909 1702 975 1746 non
1005 1682 1043 1746 de
1070 1682 1238 1759 fremente,
1262 1684 1317 1747 sed
1341 1685 1380 1748 de
1402 1684 1499 1748 libero

379 1809 519 1872 militum
550 1808 679 1872 arbitrio
711 1807 818 1889 eundi,
849 1826 1054 1890 quocumque
1084 1807 1264 1890 voluerunt,
1291 1808 1448 1872 intellexit
1471 1815 1501 1872 et

380 1933 419 1996 de
451 1953 510 1996 suo
541 1933 661 1996 addidit
695 1937 906 1996 commeatum
927 1934 967 1996 iis
991 1951 1060 1996 esse
1082 1907 1200 2014 datum,
1224 1935 1299 2015 quia
1320 1954 1386 1996 non
1407 1935 1500 2017 longe

380 2059 418 2121 ab
453 2059 545 2122 Italia
578 2059 715 2122 aberant.
746 2058 803 2122 Sin
834 2064 941 2122 autem
972 2059 1024 2122 hic
1053 2078 1140 2122 error
1167 2079 1203 2123 eo
1226 2061 1320 2122 modo
1344 2066 1431 2124 ortus
1454 2066 1501 2124 est

375 2186 442 2266 jam
472 2204 529 2267 pro
553 2190 638 2248 certo
661 2204 777 2268 ponere
800 2205 973 2269 possumus
996 2184 1132 2249 Dionem
1155 2187 1190 2249 in
1212 2187 1343 2250 historia
1365 2189 1501 2250 conscri-
1608 2174 1613 2181 ’

378 2308 482 2372 benda
513 2308 696 2372 adhibuisse
724 2308 866 2373 Caesaris
889 2311 1139 2373 commentarios.
1162 2310 1261 2373 Addit
1282 2308 1344 2373 Dio
1369 2309 1501 2374 Galbam

379 2455 397 2496 a
418 2434 559 2498 barbaris
587 2453 687 2518 paene
710 2453 779 2498 esse
803 2453 998 2518 oppressum,
1022 2435 1077 2498 sed
1101 2436 1266 2517 eruptione
1287 2435 1369 2498 lacta
1385 2437 1500 2499 vicisse

377 2578 431 2622 eos
462 2565 493 2623 et
522 2578 579 2642 per
608 2578 662 2623 eos
691 2560 854 2622 inlocum
879 2559 1048 2622 sublimem
1070 2561 1219 2640 evasisse,
1242 2579 1352 2623 eorum
1375 2560 1500 2624 facinus

378 2704 448 2749 esse
471 2685 575 2749 ultum
598 2703 717 2767 eosque
739 2686 773 2746 in
797 2685 981 2764 servitutem
1001 2684 1169 2766 redegisse,
1191 2703 1272 2766 quae
1291 2686 1440 2748 universe
1452 2690 1501 2748 sat

378 2810 459 2874 bene
489 2829 563 2872 cum
594 2808 726 2872 Caesare
755 2811 785 2888 2)
817 2810 1028 2872 consentiunt.
1057 2808 1119 2872 Sed
1143 2810 1171 2871 si
1194 2806 1319 2872 Caesari
1341 2809 1499 2872 eredimus

375 2955 441 2998 non
465 2936 568 2998 solum
591 2935 675 2999 fudit
697 2934 856 3016 barbaros,
880 2935 935 2998 sed
958 2954 999 2998 ne
1021 2935 1055 2996 in
1079 2934 1157 2997 locis
1179 2933 1308 3015 quidem
1329 2935 1499 3017 superiori-

376 3061 437 3124 bus
464 3061 639 3124 consistere
670 3078 724 3122 eos
754 3079 868 3142 passus
900 3064 955 3122 est.
987 3057 1099 3141 Neque
1128 3063 1234 3121 autem
1256 3059 1291 3120 in
1314 3061 1500 3122 servitutem

376 3206 429 3250 eos
452 3187 574 3270 redigit,
599 3187 654 3249 sed
677 3191 801 3268 postero
826 3185 876 3248 die
898 3187 931 3248 in
956 3189 1059 3248 castra
1082 3177 1230 3248 reuersus
1250 3185 1324 3248 inde
1341 3185 1500 3268 legionem

375 3313 515 3395 primum
546 3312 580 3373 in
610 3309 796 3391 Nantuates
820 3311 933 3374 deinde
955 3312 990 3372 in
1018 3310 1206 3394 Allobroges
1229 3311 1367 3390 reduxit,
1389 3311 1500 3393 ibique
1556 3391 1565 3402 ι

375 3437 527 3500 hiemavit
557 3438 595 3518 3),
627 3436 712 3519 quod
743 3437 837 3500 etiam
875 3435 1015 3499 aDione
1039 3435 1222 3516 affirmatur,
1246 3433 1365 3499 Omnes
1388 3436 1501 3516 huJus·

375 3561 461 3625 modi
494 3579 623 3642 errores,
659 3561 715 3643 qui
748 3560 783 3625 in
807 3579 1003 3642 unoquoque
1025 3559 1090 3622 fere
1113 3560 1214 3643 capite
1235 3560 1446 3622 inveniuntur
1468 3565 1502 3622 et

376 3705 512 3768 quorum
535 3705 689 3768 magnum
713 3704 886 3748 numerum
908 3686 942 3746 in
967 3684 1123 3766 capitibus
1146 3685 1302 3766 proximis
1327 3685 1502 3768 deprehen-

375 3811 481 3874 dimus
509 3812 690 3894 imputandi
721 3816 797 3874 sunt
827 3810 1043 3894 neglegentiae
1065 3809 1188 3892 Dionis,
1213 3812 1270 3892 qui
1291 3813 1443 3874 memoria
1464 3813 1502 3873 in

378 4013 523 4022 μ.-

409 4140 690 4202 umaumu

407 4230 743 4294 amaamcn.

408 4320 689 4382 emaema
