<?xml version="1.0" encoding="UTF-8"?>
<!DOCTYPE html PUBLIC "-//W3C//DTD XHTML 1.0 Transitional//EN"
    "http://www.w3.org/TR/xhtml1/DTD/xhtml1-transitional.dtd">
<html xmlns="http://www.w3.org/1999/xhtml" xml:lang="en" lang="en">
 <head>
  <title>
</title>
<meta http-equiv="Content-Type" content="text/html;charset=utf-8" />
  <meta name='ocr-system' content='tesseract 3.04.00' />
  <meta name='ocr-capabilities' content='ocr_page ocr_carea ocr_par ocr_line ocrx_word'/>
</head>
<body>
  <div class='ocr_page' id='page_1' title='image "./defideetauctori00jelggoog_0079.png"; bbox 0 0 3424 5188; ppageno 0'>
   <div class='ocr_carea' id='block_1_1' title="bbox 868 613 910 676">
    <p class='ocr_par' dir='ltr' id='par_1_1' title="bbox 868 613 910 676">
     <span class='ocr_line' id='line_1_1' title="bbox 868 613 910 676; baseline 0.048 -2"><span class='ocrx_word' id='word_1_1' title='bbox 868 613 910 676; x_wconf 87' lang='grc'>68</span> 
     </span>
    </p>
   </div>
   <div class='ocr_carea' id='block_1_2' title="bbox 322 821 1446 1655">
    <p class='ocr_par' dir='ltr' id='par_1_2' title="bbox 322 821 1446 1032">
     <span class='ocr_line' id='line_1_2' title="bbox 322 821 1446 906; baseline 0.003 -19"><span class='ocrx_word' id='word_1_2' title='bbox 322 823 441 888; x_wconf 91' lang='lat' dir='ltr'>bellum</span> <span class='ocrx_word' id='word_1_3' title='bbox 473 829 581 888; x_wconf 81' lang='lat' dir='ltr'>centra</span> <span class='ocrx_word' id='word_1_4' title='bbox 600 821 761 888; x_wconf 82' lang='lat' dir='ltr'>Romanos</span> <span class='ocrx_word' id='word_1_5' title='bbox 783 825 964 906; x_wconf 82' lang='lat' dir='ltr'>gessissent</span> <span class='ocrx_word' id='word_1_6' title='bbox 988 822 1050 887; x_wconf 83' lang='lat' dir='ltr'>Sed</span> <span class='ocrx_word' id='word_1_7' title='bbox 1073 843 1130 906; x_wconf 91' lang='lat' dir='ltr'>pro</span> <span class='ocrx_word' id='word_1_8' title='bbox 1153 829 1237 888; x_wconf 89' lang='lat' dir='ltr'>certo</span> <span class='ocrx_word' id='word_1_9' title='bbox 1257 826 1337 888; x_wconf 85' lang='lat' dir='ltr'>nihil</span> <span class='ocrx_word' id='word_1_10' title='bbox 1362 826 1446 890; x_wconf 76' lang='lat' dir='ltr'>affir-</span> 
     </span>
     <span class='ocr_line' id='line_1_3' title="bbox 323 951 538 1032; baseline -0.009 -19"><span class='ocrx_word' id='word_1_11' title='bbox 323 951 405 1013; x_wconf 84' lang='lat' dir='ltr'>mari</span> <span class='ocrx_word' id='word_1_12' title='bbox 427 953 538 1032; x_wconf 87' lang='lat' dir='ltr'>potest.</span> 
     </span>
    </p>

    <p class='ocr_par' dir='ltr' id='par_1_3' title="bbox 322 1071 1446 1655">
     <span class='ocr_line' id='line_1_4' title="bbox 367 1071 1446 1156; baseline 0 -20"><span class='ocrx_word' id='word_1_13' title='bbox 367 1074 507 1138; x_wconf 80' lang='lat' dir='ltr'>Tandem</span> <span class='ocrx_word' id='word_1_14' title='bbox 536 1073 654 1155; x_wconf 66' lang='lat' dir='ltr'>Alesia,</span> <span class='ocrx_word' id='word_1_15' title='bbox 679 1071 777 1136; x_wconf 83' lang='lat' dir='ltr'>Gallis</span> <span class='ocrx_word' id='word_1_16' title='bbox 800 1074 857 1154; x_wconf 93' lang='lat' dir='ltr'>qui</span> <span class='ocrx_word' id='word_1_17' title='bbox 880 1071 1001 1134; x_wconf 83' lang='lat' dir='ltr'>auxilio</span> <span class='ocrx_word' id='word_1_18' title='bbox 1024 1078 1177 1136; x_wconf 84' lang='lat' dir='ltr'>venerant</span> <span class='ocrx_word' id='word_1_19' title='bbox 1199 1072 1339 1155; x_wconf 69' lang='lat' dir='ltr'>devictis</span> <span class='ocrx_word' id='word_1_20' title='bbox 1362 1075 1446 1156; x_wconf 86' lang='lat' dir='ltr'>capi-</span> 
     </span>
     <span class='ocr_line' id='line_1_5' title="bbox 322 1195 1445 1282; baseline -0.002 -20"><span class='ocrx_word' id='word_1_21' title='bbox 322 1203 383 1281; x_wconf 80' lang='lat' dir='ltr'>tur,</span> <span class='ocrx_word' id='word_1_22' title='bbox 405 1199 657 1282; x_wconf 79' lang='lat' dir='ltr'>Vercingetorirr,</span> <span class='ocrx_word' id='word_1_23' title='bbox 679 1201 716 1260; x_wconf 89' lang='lat' dir='ltr'>ut</span> <span class='ocrx_word' id='word_1_24' title='bbox 736 1195 850 1261; x_wconf 82' lang='lat' dir='ltr'>Caesar</span> <span class='ocrx_word' id='word_1_25' title='bbox 865 1198 933 1280; x_wconf 87' lang='lat' dir='ltr'>ipse</span> <span class='ocrx_word' id='word_1_26' title='bbox 947 1197 976 1277; x_wconf 87' lang='grc'>1)</span> <span class='ocrx_word' id='word_1_27' title='bbox 989 1196 1172 1279; x_wconf 89' lang='lat' dir='ltr'>simpliciter</span> <span class='ocrx_word' id='word_1_28' title='bbox 1183 1201 1298 1278; x_wconf 84' lang='lat' dir='ltr'>narrat,</span> <span class='ocrx_word' id='word_1_29' title='bbox 1311 1197 1445 1280; x_wconf 75' lang='lat' dir='ltr'>deditur,</span> 
     </span>
     <span class='ocr_line' id='line_1_6' title="bbox 325 1320 1444 1407; baseline -0.002 -19"><span class='ocrx_word' id='word_1_30' title='bbox 325 1345 413 1388; x_wconf 84' lang='lat' dir='ltr'>orma</span> <span class='ocrx_word' id='word_1_31' title='bbox 434 1324 652 1407; x_wconf 79' lang='lat' dir='ltr'>projiciuntin.</span> <span class='ocrx_word' id='word_1_32' title='bbox 675 1320 724 1385; x_wconf 90' lang='lat' dir='ltr'>De</span> <span class='ocrx_word' id='word_1_33' title='bbox 747 1322 805 1384; x_wconf 88' lang='lat' dir='ltr'>hac</span> <span class='ocrx_word' id='word_1_34' title='bbox 827 1321 986 1385; x_wconf 89' lang='lat' dir='ltr'>deditione</span> <span class='ocrx_word' id='word_1_35' title='bbox 1009 1320 1277 1404; x_wconf 79' lang='lat' dir='ltr'>Vercingetorigis</span> <span class='ocrx_word' id='word_1_36' title='bbox 1298 1320 1359 1385; x_wconf 90' lang='lat' dir='ltr'>Dio</span> <span class='ocrx_word' id='word_1_37' title='bbox 1379 1341 1444 1406; x_wconf 83' lang='lat' dir='ltr'>cop.</span> 
     </span>
     <span class='ocr_line' id='line_1_7' title="bbox 324 1445 1446 1528; baseline 0.001 -18"><span class='ocrx_word' id='word_1_38' title='bbox 324 1449 364 1511; x_wconf 84' lang='grc'>41</span> <span class='ocrx_word' id='word_1_39' title='bbox 397 1447 520 1511; x_wconf 83' lang='lat' dir='ltr'>fabulas</span> <span class='ocrx_word' id='word_1_40' title='bbox 541 1445 634 1510; x_wconf 88' lang='lat' dir='ltr'>nobis</span> <span class='ocrx_word' id='word_1_41' title='bbox 656 1450 769 1527; x_wconf 82' lang='lat' dir='ltr'>narrat,</span> <span class='ocrx_word' id='word_1_42' title='bbox 794 1465 873 1528; x_wconf 86' lang='lat' dir='ltr'>quas</span> <span class='ocrx_word' id='word_1_43' title='bbox 898 1447 1049 1528; x_wconf 84' lang='lat' dir='ltr'>quonium</span> <span class='ocrx_word' id='word_1_44' title='bbox 1072 1465 1203 1528; x_wconf 88' lang='lat' dir='ltr'>prorsus</span> <span class='ocrx_word' id='word_1_45' title='bbox 1226 1447 1346 1511; x_wconf 86' lang='lat' dir='ltr'>nullius</span> <span class='ocrx_word' id='word_1_46' title='bbox 1370 1454 1446 1512; x_wconf 88' lang='lat' dir='ltr'>sunt</span> 
     </span>
     <span class='ocr_line' id='line_1_8' title="bbox 323 1569 1446 1655; baseline -0.002 -18"><span class='ocrx_word' id='word_1_47' title='bbox 323 1575 477 1637; x_wconf 80' lang='lat' dir='ltr'>momenti</span> <span class='ocrx_word' id='word_1_48' title='bbox 498 1574 613 1637; x_wconf 84' lang='lat' dir='ltr'>missas</span> <span class='ocrx_word' id='word_1_49' title='bbox 635 1571 724 1634; x_wconf 83' lang='lat' dir='ltr'>facio.</span> <span class='ocrx_word' id='word_1_50' title='bbox 747 1569 796 1634; x_wconf 90' lang='lat' dir='ltr'>De</span> <span class='ocrx_word' id='word_1_51' title='bbox 819 1591 883 1654; x_wconf 86' lang='lat' dir='ltr'>quc</span> <span class='ocrx_word' id='word_1_52' title='bbox 903 1589 938 1634; x_wconf 94' lang='lat' dir='ltr'>re</span> <span class='ocrx_word' id='word_1_53' title='bbox 960 1573 988 1635; x_wconf 88' lang='lat' dir='ltr'>si</span> <span class='ocrx_word' id='word_1_54' title='bbox 1011 1572 1084 1653; x_wconf 88' lang='lat' dir='ltr'>quis</span> <span class='ocrx_word' id='word_1_55' title='bbox 1106 1570 1229 1634; x_wconf 84' lang='lat' dir='ltr'>dubitat</span> <span class='ocrx_word' id='word_1_56' title='bbox 1248 1577 1280 1636; x_wconf 86' lang='lat' dir='ltr'>et</span> <span class='ocrx_word' id='word_1_57' title='bbox 1299 1573 1446 1655; x_wconf 88' lang='lat' dir='ltr'>opinatur</span> 
     </span>
    </p>
   </div>
   <div class='ocr_carea' id='block_1_3' title="bbox 242 1695 1445 1907">
    <p class='ocr_par' dir='ltr' id='par_1_4' title="bbox 242 1695 1445 1907">
     <span class='ocr_line' id='line_1_9' title="bbox 242 1695 1445 1781; baseline -0.002 -18"><span class='ocrx_word' id='word_1_58' title='bbox 242 1733 245 1738; x_wconf 95' lang='lat'>·</span> <span class='ocrx_word' id='word_1_59' title='bbox 322 1702 357 1762; x_wconf 93' lang='lat' dir='ltr'>in</span> <span class='ocrx_word' id='word_1_60' title='bbox 388 1698 544 1780; x_wconf 89' lang='lat' dir='ltr'>ejusmodi</span> <span class='ocrx_word' id='word_1_61' title='bbox 573 1696 829 1760; x_wconf 82' lang='lat' dir='ltr'>namatiumculis</span> <span class='ocrx_word' id='word_1_62' title='bbox 860 1695 980 1778; x_wconf 83' lang='lat' dir='ltr'>aliquid</span> <span class='ocrx_word' id='word_1_63' title='bbox 1002 1697 1143 1760; x_wconf 83' lang='lat' dir='ltr'>veritatis</span> <span class='ocrx_word' id='word_1_64' title='bbox 1165 1698 1279 1778; x_wconf 88' lang='lat' dir='ltr'>inesse,</span> <span class='ocrx_word' id='word_1_65' title='bbox 1302 1698 1330 1761; x_wconf 95' lang='lat' dir='ltr'>is</span> <span class='ocrx_word' id='word_1_66' title='bbox 1353 1697 1445 1781; x_wconf 63' lang='lat' dir='ltr'>legat,</span> 
     </span>
     <span class='ocr_line' id='line_1_10' title="bbox 323 1819 1445 1907; baseline -0.002 -19"><span class='ocrx_word' id='word_1_67' title='bbox 323 1843 408 1907; x_wconf 85' lang='lat' dir='ltr'>quae</span> <span class='ocrx_word' id='word_1_68' title='bbox 440 1822 631 1886; x_wconf 76' lang='lat' dir='ltr'>Plutarchus</span> <span class='ocrx_word' id='word_1_69' title='bbox 655 1822 685 1902; x_wconf 85' lang='lat'>2)</span> <span class='ocrx_word' id='word_1_70' title='bbox 717 1825 748 1884; x_wconf 91' lang='lat' dir='ltr'>et</span> <span class='ocrx_word' id='word_1_71' title='bbox 770 1820 883 1883; x_wconf 83' lang='lat' dir='ltr'>Florus</span> <span class='ocrx_word' id='word_1_72' title='bbox 906 1822 937 1902; x_wconf 78' lang='lat'>3)</span> <span class='ocrx_word' id='word_1_73' title='bbox 960 1819 999 1883; x_wconf 92' lang='lat' dir='ltr'>de</span> <span class='ocrx_word' id='word_1_74' title='bbox 1022 1820 1130 1884; x_wconf 85' lang='lat' dir='ltr'>eedem</span> <span class='ocrx_word' id='word_1_75' title='bbox 1153 1840 1188 1884; x_wconf 90' lang='lat' dir='ltr'>re</span> <span class='ocrx_word' id='word_1_76' title='bbox 1212 1821 1323 1885; x_wconf 83' lang='lat' dir='ltr'>dicunt</span> <span class='ocrx_word' id='word_1_77' title='bbox 1344 1828 1376 1886; x_wconf 85' lang='lat' dir='ltr'>et</span> <span class='ocrx_word' id='word_1_78' title='bbox 1398 1825 1445 1885; x_wconf 85' lang='lat' dir='ltr'>vi·</span> 
     </span>
    </p>
   </div>
   <div class='ocr_carea' id='block_1_4' title="bbox 320 1944 1445 2783">
    <p class='ocr_par' dir='ltr' id='par_1_5' title="bbox 323 1944 1445 2156">
     <span class='ocr_line' id='line_1_11' title="bbox 323 1944 1445 2030; baseline -0.001 -18"><span class='ocrx_word' id='word_1_79' title='bbox 323 1949 410 2014; x_wconf 89' lang='lat' dir='ltr'>debit</span> <span class='ocrx_word' id='word_1_80' title='bbox 439 1968 493 2012; x_wconf 89' lang='lat' dir='ltr'>eos</span> <span class='ocrx_word' id='word_1_81' title='bbox 526 1966 654 2030; x_wconf 91' lang='lat' dir='ltr'>quoque</span> <span class='ocrx_word' id='word_1_82' title='bbox 681 1965 809 2010; x_wconf 83' lang='lat' dir='ltr'>narrare</span> <span class='ocrx_word' id='word_1_83' title='bbox 839 1944 963 2008; x_wconf 83' lang='lat' dir='ltr'>fabulas</span> <span class='ocrx_word' id='word_1_84' title='bbox 986 1945 1025 2008; x_wconf 83' lang='lat' dir='ltr'>ab</span> <span class='ocrx_word' id='word_1_85' title='bbox 1048 1946 1097 2028; x_wconf 86' lang='lat' dir='ltr'>iis,</span> <span class='ocrx_word' id='word_1_86' title='bbox 1121 1965 1200 2028; x_wconf 80' lang='lat' dir='ltr'>ques</span> <span class='ocrx_word' id='word_1_87' title='bbox 1222 1945 1284 2009; x_wconf 92' lang='lat' dir='ltr'>Dio</span> <span class='ocrx_word' id='word_1_88' title='bbox 1308 1966 1445 2011; x_wconf 86' lang='lat' dir='ltr'>comme-</span> 
     </span>
     <span class='ocr_line' id='line_1_12' title="bbox 325 2073 726 2156; baseline -0.012 -18"><span class='ocrx_word' id='word_1_89' title='bbox 325 2079 435 2155; x_wconf 67' lang='lat' dir='ltr'>morat,</span> <span class='ocrx_word' id='word_1_90' title='bbox 458 2073 552 2156; x_wconf 83' lang='lat' dir='ltr'>plene</span> <span class='ocrx_word' id='word_1_91' title='bbox 576 2073 726 2136; x_wconf 86' lang='lat' dir='ltr'>diversas.</span> 
     </span>
    </p>

    <p class='ocr_par' dir='ltr' id='par_1_6' title="bbox 320 2193 1445 2783">
     <span class='ocr_line' id='line_1_13' title="bbox 366 2193 1444 2280; baseline 0 -19"><span class='ocrx_word' id='word_1_92' title='bbox 366 2198 576 2262; x_wconf 82' lang='lat' dir='ltr'>Pervenimus</span> <span class='ocrx_word' id='word_1_93' title='bbox 607 2196 736 2260; x_wconf 82' lang='lat' dir='ltr'>tandem</span> <span class='ocrx_word' id='word_1_94' title='bbox 767 2195 807 2258; x_wconf 88' lang='lat' dir='ltr'>ad</span> <span class='ocrx_word' id='word_1_95' title='bbox 840 2194 936 2258; x_wconf 92' lang='lat' dir='ltr'>finem</span> <span class='ocrx_word' id='word_1_96' title='bbox 960 2195 1057 2278; x_wconf 87' lang='lat' dir='ltr'>hujus</span> <span class='ocrx_word' id='word_1_97' title='bbox 1080 2197 1198 2278; x_wconf 83' lang='lat' dir='ltr'>cepitis.</span> <span class='ocrx_word' id='word_1_98' title='bbox 1224 2193 1339 2260; x_wconf 84' lang='lat' dir='ltr'>Omnia</span> <span class='ocrx_word' id='word_1_99' title='bbox 1362 2217 1444 2280; x_wconf 81' lang='lat' dir='ltr'>quse</span> 
     </span>
     <span class='ocr_line' id='line_1_14' title="bbox 323 2318 1445 2405; baseline -0.001 -19"><span class='ocrx_word' id='word_1_100' title='bbox 323 2321 436 2388; x_wconf 81' lang='lat' dir='ltr'>Caesar</span> <span class='ocrx_word' id='word_1_101' title='bbox 470 2323 538 2405; x_wconf 88' lang='lat' dir='ltr'>ipse</span> <span class='ocrx_word' id='word_1_102' title='bbox 569 2321 608 2384; x_wconf 89' lang='lat' dir='ltr'>de</span> <span class='ocrx_word' id='word_1_103' title='bbox 635 2319 717 2386; x_wconf 90' lang='lat' dir='ltr'>bello</span> <span class='ocrx_word' id='word_1_104' title='bbox 741 2318 861 2383; x_wconf 78' lang='lat' dir='ltr'>Gallico</span> <span class='ocrx_word' id='word_1_105' title='bbox 884 2321 1010 2403; x_wconf 83' lang='lat' dir='ltr'>scripsit</span> <span class='ocrx_word' id='word_1_106' title='bbox 1032 2325 1063 2384; x_wconf 86' lang='lat' dir='ltr'>et</span> <span class='ocrx_word' id='word_1_107' title='bbox 1086 2339 1168 2402; x_wconf 84' lang='lat' dir='ltr'>quae</span> <span class='ocrx_word' id='word_1_108' title='bbox 1188 2319 1250 2384; x_wconf 92' lang='lat' dir='ltr'>Dio</span> <span class='ocrx_word' id='word_1_109' title='bbox 1273 2323 1445 2386; x_wconf 80' lang='lat' dir='ltr'>memoriae</span> 
     </span>
     <span class='ocr_line' id='line_1_15' title="bbox 321 2445 1445 2531; baseline 0.001 -21"><span class='ocrx_word' id='word_1_110' title='bbox 321 2448 459 2531; x_wconf 88' lang='lat' dir='ltr'>prodidit</span> <span class='ocrx_word' id='word_1_111' title='bbox 481 2447 668 2530; x_wconf 81' lang='lat' dir='ltr'>comparavi.</span> <span class='ocrx_word' id='word_1_112' title='bbox 695 2445 867 2508; x_wconf 77' lang='lat' dir='ltr'>Videamus</span> <span class='ocrx_word' id='word_1_113' title='bbox 889 2446 988 2528; x_wconf 88' lang='lat' dir='ltr'>igitur</span> <span class='ocrx_word' id='word_1_114' title='bbox 1010 2446 1044 2507; x_wconf 95' lang='lat' dir='ltr'>in</span> <span class='ocrx_word' id='word_1_115' title='bbox 1064 2447 1210 2527; x_wconf 88' lang='lat' dir='ltr'>sequenti</span> <span class='ocrx_word' id='word_1_116' title='bbox 1231 2448 1332 2531; x_wconf 78' lang='lat' dir='ltr'>cupite</span> <span class='ocrx_word' id='word_1_117' title='bbox 1358 2449 1445 2531; x_wconf 91' lang='lat' dir='ltr'>quod</span> 
     </span>
     <span class='ocr_line' id='line_1_16' title="bbox 320 2570 1445 2638; baseline -0.001 0"><span class='ocrx_word' id='word_1_118' title='bbox 320 2574 395 2638; x_wconf 89' lang='lat' dir='ltr'>inde</span> <span class='ocrx_word' id='word_1_119' title='bbox 429 2574 468 2638; x_wconf 91' lang='lat' dir='ltr'>de</span> <span class='ocrx_word' id='word_1_120' title='bbox 502 2573 686 2636; x_wconf 80' lang='lat' dir='ltr'>auctoritate</span> <span class='ocrx_word' id='word_1_121' title='bbox 713 2570 826 2636; x_wconf 89' lang='lat' dir='ltr'>Dionis</span> <span class='ocrx_word' id='word_1_122' title='bbox 848 2573 883 2634; x_wconf 91' lang='lat' dir='ltr'>in</span> <span class='ocrx_word' id='word_1_123' title='bbox 905 2572 1036 2635; x_wconf 84' lang='lat' dir='ltr'>historio</span> <span class='ocrx_word' id='word_1_124' title='bbox 1059 2571 1234 2636; x_wconf 78' lang='lat' dir='ltr'>enarrando</span> <span class='ocrx_word' id='word_1_125' title='bbox 1256 2573 1445 2638; x_wconf 89' lang='lat' dir='ltr'>concludere</span> 
     </span>
     <span class='ocr_line' id='line_1_17' title="bbox 320 2701 489 2783; baseline -0.006 -20"><span class='ocrx_word' id='word_1_126' title='bbox 320 2701 489 2783; x_wconf 84' lang='lat' dir='ltr'>possimus.</span> 
     </span>
    </p>
   </div>
   <div class='ocr_carea' id='block_1_5' title="bbox 322 2864 468 2874">
    <p class='ocr_par' dir='ltr' id='par_1_7' title="bbox 322 2864 468 2874">
     <span class='ocr_line' id='line_1_18' title="bbox 322 2864 468 2874; baseline -0.014 0"><span class='ocrx_word' id='word_1_127' title='bbox 322 2864 468 2874; x_wconf 66' lang='grc'>.-</span> 
     </span>
    </p>
   </div>
   <div class='ocr_carea' id='block_1_6' title="bbox 355 2955 662 3202">
    <p class='ocr_par' dir='ltr' id='par_1_8' title="bbox 355 2955 662 3202">
     <span class='ocr_line' id='line_1_19' title="bbox 355 2955 662 3021; baseline -0.003 -16"><span class='ocrx_word' id='word_1_128' title='bbox 355 2958 381 3021; x_wconf 81' lang='grc'>1)</span> <span class='ocrx_word' id='word_1_129' title='bbox 401 2956 436 3005; x_wconf 81' lang='lat' dir='ltr'>Dc</span> <span class='ocrx_word' id='word_1_130' title='bbox 454 2956 482 3006; x_wconf 92' lang='lat' dir='ltr'>B.</span> <span class='ocrx_word' id='word_1_131' title='bbox 499 2955 528 3004; x_wconf 90' lang='lat' dir='ltr'>G.</span> <span class='ocrx_word' id='word_1_132' title='bbox 547 2955 603 3004; x_wconf 89' lang='lat' dir='ltr'>Vll.</span> <span class='ocrx_word' id='word_1_133' title='bbox 621 2955 662 3004; x_wconf 77' lang='lat'>89.</span> 
     </span>
     <span class='ocr_line' id='line_1_20' title="bbox 355 3045 608 3109; baseline 0 -11"><span class='ocrx_word' id='word_1_134' title='bbox 355 3051 379 3109; x_wconf 76' lang='lat'>2)</span> <span class='ocrx_word' id='word_1_135' title='bbox 397 3048 464 3097; x_wconf 83' lang='lat' dir='ltr'>Plut.</span> <span class='ocrx_word' id='word_1_136' title='bbox 481 3045 548 3096; x_wconf 77' lang='lat' dir='ltr'>Caes.</span> <span class='ocrx_word' id='word_1_137' title='bbox 569 3046 608 3098; x_wconf 79' lang='grc'>27.</span> 
     </span>
     <span class='ocr_line' id='line_1_21' title="bbox 355 3139 584 3202; baseline -0.009 -14"><span class='ocrx_word' id='word_1_138' title='bbox 355 3142 381 3202; x_wconf 81' lang='grc'>3)</span> <span class='ocrx_word' id='word_1_139' title='bbox 400 3139 488 3189; x_wconf 76' lang='lat' dir='ltr'>Florus</span> <span class='ocrx_word' id='word_1_140' title='bbox 505 3139 524 3187; x_wconf 93' lang='lat'>1.</span> <span class='ocrx_word' id='word_1_141' title='bbox 543 3141 584 3187; x_wconf 78' lang='lat'>44.</span> 
     </span>
    </p>
   </div>
   <div class='ocr_carea' id='block_1_7' title="bbox 0 0 1716 5188">
    <p class='ocr_par' dir='ltr' id='par_1_9' title="bbox 0 0 1716 5188">
     <span class='ocr_line' id='line_1_22' title="bbox 0 0 1716 5188; baseline 0 1"><span class='ocrx_word' id='word_1_142' title='bbox 0 0 1716 5188; x_wconf 95' lang='lat' dir='ltr'> </span> 
     </span>
    </p>
   </div>
  </div>
 </body>
</html>
