3424 5188
760 518 846 599 '23

262 743 422 832 Paulatim
452 750 559 809 autem
590 745 764 809 Germanos
795 766 1002 811 consuescere
1023 747 1172 811 Rhenum
1195 751 1331 812 transire
1356 753 1388 811 et

262 871 297 932 in
325 869 459 933 Galliam
482 891 631 954 magnam
659 891 771 936 eorum
793 873 1032 937 multitudinem
1053 875 1163 937 venire
1182 875 1299 957 populo
1322 873 1385 938 Ro-

261 1013 357 1057 mano
379 995 594 1079 periculosum
613 995 770 1059 videbat.''
792 994 880 1071 Quae
898 1015 1012 1060 causae
1029 997 1168 1080 presente
1179 999 1387 1081 gravissimae

262 1125 294 1183 et
315 1121 449 1183 maximi
472 1123 624 1184 momenti
649 1127 746 1184 erant.
772 1119 865 1196 Quod
887 1120 984 1185 Dioni
1007 1141 1073 1185 non
1095 1124 1139 1185 ita
1158 1124 1292 1186 videtur.
1313 1123 1386 1186 Bel-

261 1244 349 1308 landi
372 1246 457 1308 enim
481 1244 646 1327 cupiditati
664 1247 808 1328 imputat,
830 1265 911 1329 quae
931 1247 990 1310 soli
1007 1249 1187 1310 necessitati
1198 1249 1387 1331 imputanda

183 1403 186 1408 ·
262 1376 347 1453 sunt,
369 1389 510 1454 namque
532 1372 560 1434 si
582 1373 778 1455 provinciam
803 1371 979 1435 Romanam
1003 1373 1086 1435 tueri
1108 1372 1233 1436 volebat
1255 1392 1386 1456 prorsus

153 1516 156 1526 ¹
261 1515 391 1560 necesse
414 1501 480 1559 erat
505 1495 670 1560 Germanis
693 1499 848 1578 resistere,
873 1499 929 1580 qui
953 1502 1113 1561 crescente
1136 1516 1260 1580 semper
1279 1497 1387 1560 multi-

262 1622 374 1686 tudine
395 1621 544 1685 Rhenum
567 1622 887 1706 transgrediebantur.
912 1620 1030 1706 Negari
1052 1641 1118 1684 non
1139 1627 1243 1704 potest
1266 1622 1386 1686 bellum

263 1746 388 1811 Caesari
409 1752 536 1831 gratum
558 1747 667 1830 fuisse,
691 1749 746 1812 sed
767 1767 806 1812 ea
826 1748 864 1810 de
884 1767 980 1810 causa
998 1745 1096 1811 Dioni
1112 1747 1261 1810 nonlicet
1274 1767 1386 1811 causas

261 1873 344 1955 belli,
368 1893 452 1955 quas
472 1871 586 1936 Caesar
605 1892 718 1957 graves
738 1879 769 1936 et
783 1874 887 1955 justas
910 1871 1053 1952 habebat,
1065 1875 1250 1954 praetextus
1262 1890 1384 1934 vocare.

262 1996 324 2061 Sed
355 1998 430 2060 talia
461 1998 500 2061 de
531 2017 590 2061 suo
623 1999 703 2062 sole't
724 1999 839 2061 addere
862 2002 893 2061 et
914 1998 1014 2080 igitur
1036 1998 1135 2060 missa
1156 1996 1245 2058 facio.
1271 1995 1385 2060 Caesar

261 2123 450 2206 legationem
482 2122 521 2186 ad
552 2123 752 2186 Ariovistum
782 2124 869 2187 misit
893 2124 922 2204 1)
946 2123 1141 2206 colloquium
1165 2124 1310 2207 petitum,
1333 2124 1386 2186 cui

261 2246 411 2330 legationi
433 2247 615 2311 Ariovistus
638 2252 669 2310 et
691 2248 776 2329 apud
797 2246 963 2312 Caesarem
981 2253 1013 2311 ct
1032 2249 1118 2331 apud
1134 2246 1271 2311 Dionem
1282 2247 1385 2310 isdem

260 2372 325 2436 fere
359 2372 465 2437 verbis
495 2373 674 2457 rospondit:
710 2375 765 2454 „si
796 2375 874 2457 quid
903 2375 964 2456 ipsi
995 2372 1169 2436 aansare
1192 2392 1271 2456 opus
1295 2377 1386 2454 esset,

263 2517 330 2561 sese
354 2498 393 2560 ad
416 2517 491 2561 eum
514 2504 687 2562 venturum
709 2499 825 2578 fuisse3
851 2500 878 2562 si
903 2499 981 2582 quid
1003 2499 1057 2561 ille
1078 2517 1111 2562 se
1130 2497 1215 2579 velit,
1235 2497 1329 2561 illum
1346 2498 1386 2560 ad

262 2642 296 2686 se
318 2625 428 2687 venire
452 2623 624 2707 oportere.'’
647 2624 718 2688 Hoc
736 2643 888 2706 responso
909 2624 980 2686 dato
1001 2622 1115 2687 Caesar
1134 2624 1251 2686 iterum
1262 2623 1382 2705 legatos

260 2750 356 2828 misit,
389 2748 506 2831 quibus
536 2748 640 2812 Dione
671 2754 797 2813 auctore
824 2750 902 2812 haec
924 2748 1087 2811 mandavit
1110 2753 1147 2811 ut
1167 2747 1382 2830 postularent:

263 2873 295 2934 1⁰
317 2878 355 2936 ut
377 2874 502 2937 obsides
524 2873 647 2937 Aeduis
669 2867 867 2956 reliquisque
891 2873 1010 2936 Galliae
1030 2872 1212 2936 civitatibus
1232 2872 1385 2953 redderet,

261 2999 295 3060 2⁰
325 3004 362 3060 ut
392 3017 457 3060 non
488 2997 624 3081 amplius
656 3016 767 3061 eorum
792 3017 883 3080 agros
907 2997 1126 3080 ingrederetur
1148 3001 1179 3059 et
1203 2996 1236 3059 3⁰
1259 3001 1384 3060 utnon

259 3123 351 3206 plura
374 3123 495 3186 auxilia
519 3122 611 3187 domo
636 3123 814 3204 adduceret,
835 3141 917 3205 quae
937 3123 1043 3185 omnia
1063 3123 1148 3206 apud
1168 3120 1333 3186 Caesarem
1353 3124 1383 3204 2)

259 3269 359 3334 paene
391 3251 430 3312 ad
462 3248 597 3313 verbum
626 3254 804 3313 recununt.
837 3249 958 3329 Ultima
979 3254 1067 3332 parte
1090 3249 1200 3332 capitis
1224 3249 1266 3310 34
1288 3248 1384 3311 tradit

259 3376 460 3440 Ariovistum
493 3375 638 3438 ferociter
672 3374 873 3459 respondisse
908 3380 939 3438 et
972 3372 1138 3437 Caesarem
1169 3393 1236 3436 non
1264 3375 1382 3436 iterum

259 3501 370 3584 legatis
404 3500 511 3564 missis
546 3518 717 3582 occupasse
746 3498 975 3562 Vesontionem
1006 3498 1119 3561 urbem
1151 3496 1383 3580 Sequanorum,

259 3631 290 3689 et
320 3626 355 3688 in
385 3627 531 3708 sequenti
560 3625 661 3707 capite
689 3624 875 3688 seditionem
898 3623 1046 3704 militum,
1070 3624 1126 3706 qui
1148 3624 1271 3706 ingenti
1294 3643 1382 3706 mag-

258 3750 405 3813 nitudine
436 3754 467 3813 et
496 3748 675 3812 incredibili
688 3748 690 3752 ’
703 3749 819 3812 vntute
850 3747 1082 3811 Germanorum
1113 3747 1381 3811 amercatoribus

258 3875 356 3938 Gallis
380 3877 535 3938 nrmtiatis
553 3875 711 3957 perterriti
730 3874 911 3957 imperatori
931 3893 997 3936 non
1013 3872 1172 3960 parebant.
1185 3873 1274 3936 Haec
1285 3873 1380 3957 paulo

292 4169 1005 4234 mnonwmmamwmaelm

292 4263 559 4323 QMRRLQ
