3424 5188
784 567 826 626 43

238 761 421 857 'Hucusque
444 777 480 838 ut
502 773 649 854 indicavi,
673 772 782 836 eadem
804 778 835 836 et
854 773 938 856 apud
959 771 1124 837 Caesarem
1144 778 1175 836 et
1195 773 1278 855 apud
1291 770 1366 834 Dio-

244 919 318 964 nem
347 899 508 982 ]eguntur‚
539 898 595 962 sed
624 900 659 961 in
690 897 897 981 sequentibus
931 899 1087 962 differunt.
1111 899 1207 981 Apud
1230 896 1367 960 Dionem

243 1026 337 1108 iegati
367 1023 606 1101 Germanorum,
630 1042 730 1105 quum
755 1022 834 1084 nihil
856 1024 1113 1105 impetravissent
1135 1023 1218 1086 ultro
1236 1023 1368 1106 polliciti

246 1155 321 1214 sunt
343 1169 378 1213 se
401 1149 532 1212 domum
555 1167 625 1212 esse
646 1167 830 1212 reversuros
854 1147 1058 1230 indutiasque
1081 1149 1249 1230 petierunt.
1270 1147 1368 1229 Apud

248 1273 413 1338 Caesarem
436 1275 646 1356 respondetur
670 1274 699 1355 1)
723 1274 817 1337 licere
841 1275 868 1336 si
891 1275 999 1355 velint,
1016 1275 1053 1336 in
1072 1274 1230 1337 Ubiorum
1249 1273 1368 1337 finibus

246 1401 410 1464 considere
432 1405 463 1464 et
488 1402 518 1481 2)
541 1399 635 1483 legati
658 1401 736 1463 haec
760 1419 793 1463 se
813 1400 852 1463 ad
873 1419 949 1464 suos
969 1401 1124 1464 relaturos
1137 1419 1206 1464 esse
1218 1401 1370 1464 dixerunt

248 1531 280 1590 et
308 1545 342 1589 re
373 1524 543 1590 deliberata
570 1531 641 1608 post
665 1526 748 1588 diem
772 1525 902 1588 tertium
926 1527 965 1589 ad
989 1525 1154 1590 Caesarem
1177 1543 1369 1590 reversuros.

249 1648 371 1725 Quodsi
400 1647 462 1712 Dio
493 1651 527 1710 in
557 1649 607 1712 his
630 1651 794 1713 veritatem
817 1650 912 1713 tradit
935 1650 1036 1713 mutto
1060 1653 1160 1732 major
1183 1650 1218 1714 iit
1240 1650 1371 1734 perfidia

252 1775 491 1855 Germanorum,
515 1777 571 1858 qui
589 1751 697 1840 'Dione
717 1781 747 1839 et
767 1773 899 1839 Caesare
921 1778 950 1857 3)
971 1775 1164 1858 auctoribus,
1177 1777 1264 1841 hisce
1276 1777 1370 1839 indu-

249 1903 366 1964 tiarum
398 1900 511 1964 diebus
535 1903 712 1983 equitatum
737 1899 878 1965 Caesaris
903 1903 971 1964 suis
995 1902 1183 1984 octingentis
1208 1901 1370 1984 equitibus

250 2027 391 2109 aggressi
423 2030 552 2089 suntet
576 2027 609 2087 in
632 2025 741 2108 fugam
764 2027 973 2107 conjecerunt.
997 2024 1101 2101 Quam
1124 2026 1287 2110 perfidiam
1310 2025 1371 2089 Dio
1467 2067 1468 2070 =

251 2153 356 2215 statim
382 2153 572 2214 imminuere
596 2156 728 2214 conatur
751 2152 859 2214 dicens
883 2171 953 2215 eam
972 2173 989 2214 a
1005 2152 1188 2234 junioribus
1205 2172 1275 2216 esse
1288 2172 1373 2215 ccm-

250 2278 382 2340 missam
406 2296 525 2359 eosque
543 2277 638 2339 modo
649 2262 776 2359 ‘paucos
795 2279 919 2359 equites
935 2277 1152 2340 Romanorum
1165 2297 1234 2342 esse
1247 2297 1372 2361 aggres-

252 2423 312 2466 sos.
334 2401 395 2466 Sed
419 2403 524 2465 statim
547 2402 705 2466 refutatur
729 2408 759 2466 et
782 2423 800 2465 a
823 2401 954 2466 Caesare
976 2404 1045 2486 ipso
1068 2408 1099 2466 et
1122 2423 1140 2466 a
1159 2403 1328 2466 Plutarcho
1341 2403 1372 2483 4)
1425 2490 1428 2496 Ι
1483 2395 1489 2404 ’

253 2530 309 2612 qui
331 2547 376 2609 ea,
401 2547 482 2610 quae
507 2525 621 2590 Caesar
643 2527 821 2607 tradiderat,
844 2529 879 2590 in
902 2529 968 2590 vita
987 2527 1129 2590 Caesaris
1149 2527 1271 2592 rettulit
1291 2531 1322 2590 et
1333 2525 1372 2588 ab

252 2655 397 2736 Appiano
425 2656 463 2734 5),
489 2655 545 2736 qui
567 2653 663 2716 tradit
685 2653 877 2737 Sygambros
898 2657 1082 2738 quingentis
1104 2655 1266 2737 equitibus
1279 2656 1373 2737 quin-

254 2798 316 2861 que
349 2779 437 2841 milia
468 2779 613 2861 equitum
647 2776 788 2843 Caesaris
813 2781 927 2842 vicisse
951 2781 1037 2842 etin
1060 2779 1170 2862 fugam
1193 2781 1373 2860 conjecisse,

252 2905 309 2968 ubi
343 2906 412 2968 sine
447 2905 543 2968 dubio
575 2905 768 2989 Sygambros
800 2907 876 2970 dicit
904 2926 961 2989 pro
983 2906 1124 2989 Usipetis
1148 2912 1180 2969 et
1200 2906 1368 2970 Tencteris.

252 3029 422 3113 Nusquam
451 3031 536 3093 enim
569 3029 737 3112 Sygambri
769 3049 842 3092 cum
873 3032 1017 3113 equitatu
1041 3029 1182 3094 Caesaris
1205 3029 1376 3092 conflictati

254 3159 338 3236 sunt,
362 3173 517 3218 numerus
542 3155 685 3236 quinque
709 3154 834 3217 milium
859 3156 953 3218 etiam
976 3157 1010 3216 in
1033 3155 1268 3218 commentariis
1287 3156 1376 3216 inre-

254 3283 350 3363 nitur,
380 3300 446 3343 non
478 3285 526 3343 est
555 3283 664 3364 magni
694 3283 848 3343 momenti
872 3281 957 3363 quod
981 3283 1173 3365 quingentos
1197 3299 1253 3365 pro
1278 3283 1376 3343 octin-

254 3407 357 3489 gentis
381 3405 456 3468 dicit
479 3409 510 3468 et
532 3405 627 3488 paulo
652 3411 725 3469 ante
748 3405 787 3469 de
811 3405 949 3489 Usipetis
974 3411 1005 3470 et
1026 3405 1186 3471 Tencteris
1210 3411 1322 3489 egerat.

300 3530 371 3614 Cap.
391 3532 433 3593 48
458 3528 519 3593 Dio
542 3531 655 3594 deinde
676 3533 721 3595 ita
742 3534 860 3616 pergit:
884 3534 1019 3614 majores
1042 3538 1120 3596 natu
1143 3533 1253 3595 invitis
1270 3533 1377 3614 junio-

254 3655 343 3720 ribus
378 3657 417 3719 ad
453 3655 619 3720 Caesarem
649 3661 806 3720 venerunt
838 3663 868 3722 et
899 3658 993 3740 culpa
1022 3659 1057 3720 in
1087 3677 1206 3740 paucos
1238 3658 1378 3739 conjecta

292 3935 564 4000 DMRCNS

291 4028 565 4090 QMRCNS

290 4118 580 4182 &MRCWW

293 4210 545 4269 Cffifflmffl.

292 4298 718 4365 ffidwhrmfflmmbd
