3424 5188
810 583 852 644 15*

263 798 466 878 praestarent,
489 795 589 857 totius
614 792 733 856 Galliae
756 793 888 875 imperio
910 790 1035 874 potiri,'’
1061 793 1094 853 2⁸
1116 790 1155 854 Id
1176 791 1237 854 hcc
1258 791 1384 853 facilius

263 923 303 983 iis
334 921 492 1003 persuasit
519 918 719 1002 (Orgetorix),
751 917 836 1001 quod
850 915 1004 1000 'undique
1027 917 1088 979 loci
1109 921 1223 979 natura
1245 916 1385 980 Helvetii

264 1047 469 1110 continentur
480 1094 567 1107 .....
592 1043 653 1108 His
675 1042 772 1108 rebus
795 1043 899 1124 fiebat,
923 1048 960 1106 ut
983 1048 1013 1107 et
1032 1044 1141 1106 minus
1160 1043 1385 1126 latevagaren-

263 1174 317 1234 tur
350 1175 381 1234 et
411 1171 519 1233 minus
549 1168 640 1232 facile
669 1167 815 1232 finitimis
846 1167 965 1230 beilum
997 1167 1114 1230 inferre
1143 1172 1290 1250 possent,
1322 1187 1386 1250 qua

263 1315 305 1359 er
327 1299 415 1378 parte
437 1295 583 1358 homines
606 1295 744 1358 bellandi
767 1294 875 1378 cupidi
898 1313 1013 1377 magno
1034 1292 1140 1357 dolore
1160 1293 1386 1376 afficiebantur,

265 1423 299 1484 3⁸
321 1421 383 1485 Pro
406 1422 611 1485 multitudine
634 1426 741 1485 autem
764 1421 933 1484 hominum
956 1426 987 1485 et
1008 1440 1065 1504 pro
1084 1421 1185 1504 gloria
1203 1419 1385 1503 helliatque

264 1546 460 1610 fortitudinis
491 1551 644 1630 angustos
676 1565 710 1610 se
740 1546 820 1610 fines
850 1545 965 1610 habere
995 1544 1258 1608 arbitrabantur.'’
1282 1545 1386 1609 Facile

265 1671 491 1753 unusquisque
524 1671 604 1732 mihi
637 1670 787 1734 concedet
821 1671 907 1733 hisce
941 1672 976 1733 in
999 1671 1105 1733 causis
1128 1670 1387 1753 comprehensam

266 1815 335 1860 csse
358 1815 497 1877 causam,
521 1816 618 1878 quarn
639 1794 699 1859 Dio
723 1795 827 1860 affert:
849 1793 952 1866 πλήθει
968 1818 1002 1857 τε
1019 1791 1206 1873 ἀκμάζοντες
1223 1792 1275 1857 καὶ
1286 1794 1387 1874 χώραν

266 1920 316 1983 οὐκ
343 1917 474 1999 αὐτάρκη
506 1928 542 2000 τῇ
575 1919 796 2001 πολυανθρωπίᾳ
823 1923 907 1998 σφῶν
929 1917 1057 1998 ἔχοντες.
1083 1919 1145 1983 Sed
1167 1921 1294 2004 longius
1316 1940 1387 2003 prc—

265 2046 391 2129 gredior
416 2051 446 2109 et
469 2045 625 2110 contendo
648 2045 730 2108 hanc
753 2065 883 2108 oausam
906 2043 1019 2109 Dionis
1042 2046 1174 2109 eandem
1195 2064 1273 2127 esse,
1291 2065 1388 2128 quam

267 2169 382 2236 Cacsar
411 2172 502 2234 tertio
532 2171 601 2234 loco
625 2170 721 2234 affert.
746 2169 816 2245 Quo
839 2171 938 2254 igitur
960 2174 1147 2254 argumento
1170 2168 1388 2250 Eyssenhardt

268 2298 378 2378 utitur,
407 2301 444 2360 ut
473 2297 667 2360 demonstret
689 2294 826 2358 Dionem
839 2296 926 2362 ,alios
949 2295 1133 2360 adhibuisse
1156 2296 1332 2378 scriptores,
1355 2293 1388 2357 id

270 2424 349 2486 mihi
374 2429 421 2487 est
445 2429 640 2506 argumente,
663 2422 911 2505 quoostendam
930 2420 1067 2485 Dionem
1087 2421 1219 2485 Caesare
1238 2422 1306 2504 ipso
1319 2439 1389 2484 esse

267 2568 371 2612 usum.
404 2547 519 2613 Omisit
549 2549 626 2612 adias
656 2568 778 2630 causas,
810 2549 896 2631 quod
924 2568 990 2610 non
1011 2549 1119 2631 magni
1143 2567 1212 2612 csse
1234 2549 1385 2610 moment'

267 2675 464 2756 videbantur,
495 2676 570 2757 quia
600 2679 825 2758 argumentum
857 2677 960 2759 operis
989 2696 1054 2739 non
1084 2675 1261 2758 patiebatur
1283 2675 1390 2737 omnia

267 2818 522 2880 commemorare,
553 2819 635 2881 quac
664 2801 700 2862 in
720 2800 862 2864 fontibus
886 2801 953 2864 suis
977 2802 1108 2864 invenit.
1133 2798 1226 2874 Quod
1249 2799 1388 2880 Eyssen-

267 2923 359 2986 hardt
390 2922 466 2986 dicit
493 2922 658 2988 Caesarem
682 2924 803 2988 dixisse
826 2924 990 2988 Helvetios
1012 2926 1103 3008 regni
1125 2925 1296 3008 cupiditate
1320 2942 1389 2987 esse

268 3049 429 3130 adductos,
451 3055 489 3113 ut
509 3049 629 3112 finibus
652 3052 720 3113 suis
744 3051 933 3114 excederent
952 3052 1084 3115 minime
1103 3071 1216 3114 verum
1236 3054 1291 3114 est.
1314 3049 1389 3112 an-

269 3193 320 3237 sar
355 3175 447 3237 dicit:
484 3173 701 3258 Orgetorigem
735 3177 826 3259 regni
860 3176 1031 3259 cupiditate
1062 3176 1235 3240 adductum
1266 3177 1386 3238 civitati

267 3301 472 3382 persuasisse,
501 3304 539 3363 ut
569 3300 607 3363 d'e
636 3299 755 3364 finibus
779 3301 847 3364 suis
870 3301 1002 3364 exirent.
1027 3299 1118 3376 Quod
1143 3300 1264 3384 absque
1287 3299 1384 3363 dubio

269 3443 381 3488 verum
404 3428 452 3488 est
474 3426 501 3488 si
525 3423 651 3489 Caesari
673 3423 832 3489 oredimus
855 3427 972 3490 dicenti
995 3425 1212 3510 Orgetorigem
1234 3425 1288 3488 ilio
1312 3429 1391 3488 tem-

268 3569 343 3633 pore
373 3551 468 3634 longe
498 3551 735 3616 nobilissimum
765 3557 796 3616 et
818 3551 1014 3632 ditissimum
1035 3551 1257 3618 Helvetiorum
1279 3551 1388 3616 fuisse.

268 3676 337 3739 Aut
367 3676 447 3740 forte
479 3678 626 3760 opinatur
651 3677 869 3758 Eyssenhardt
890 3677 1046 3742 Helvetiis
1069 3678 1108 3741 ab
1132 3678 1239 3761 aliquo
1262 3678 1391 3742 homine

268 3802 401 3885 ignobili
434 3822 624 3886 persuasum
657 3823 726 3868 esse
756 3806 844 3868 exire
874 3804 912 3868 de
941 3803 1060 3868 finibus
1084 3809 1140 3867 aut
1162 3804 1334 3868 verisimile
1358 3805 1388 3866 ei

267 3929 395 3992 videtur
425 3927 640 4012 Orgetorigem
664 3931 781 4013 ipsum,
803 3931 908 3993 virum
933 3930 1136 4011 ditissimum,
1157 3934 1282 4013 propter
1305 3929 1386 3993 fines

269 4058 421 4138 angustos
445 4053 621 4137 demigrare
643 4053 808 4118 voluisse?

316 4177 472 4244 Venimus
499 4180 567 4261 jam
597 4179 638 4242 ad
661 4179 791 4242 alteram
813 4199 889 4262 rem,
910 4181 945 4242 in
968 4200 1031 4263 qua
1054 4179 1167 4244 Caesar
1191 4165 1225 4245 et
1244 4180 1304 4245 Dio
1329 4181 1392 4244 dis-

270 4304 421 4386 sentiunt,
444 4305 482 4368 de
505 4325 569 4388 qua
590 4303 809 4386 Eyssenhardt
830 4307 874 4370 ita
897 4306 988 4370 dicit:
1014 4306 1134 4387 ,Auch
1153 4307 1209 4370 das
1227 4308 1307 4370 wird
1318 4328 1395 4372 man
