3424 5188
900 545 941 605 24

276 755 278 762 ’
357 754 487 837 longius
512 760 542 818 et
564 758 742 820 accuratius
767 757 852 840 apud
875 755 1039 820 Caesarem
1060 757 1089 838 1)
1109 758 1327 838 irrveniuntur,
1348 758 1403 840 qui
1418 757 1479 820 hoc

360 879 465 943 solum
487 879 577 943 ahter
598 881 701 962 tradit,
723 881 910 944 seditionem
930 900 995 943 non
1016 899 1085 944 csse
1104 880 1274 964 profectam
1295 879 1479 944 amilitibus

361 1007 417 1070 sed
448 1027 467 1069 a
496 1007 634 1071 tribunis
657 1008 804 1089 militum,
829 1008 885 1091 qui
906 1027 948 1071 ex
970 1006 1050 1070 urbe
1073 1009 1228 1071 amicitiae
1251 1027 1347 1071 causa
1370 1007 1480 1072 Caesa-

360 1105 439 1195 rem
452 1134 553 1196 secuti
574 1138 664 1196 erant
686 1138 717 1196 et
739 1153 804 1196 non
828 1153 981 1216 magnum
1003 1135 1038 1195 in
1060 1152 1094 1196 re
1117 1133 1245 1196 militari
1267 1153 1365 1196 usum
1386 1132 1481 1196 habe-

361 1257 445 1320 bant.
470 1256 561 1332 Quod
584 1256 645 1336 Dio
670 1260 784 1322 omisit.
808 1259 957 1323 Germani
981 1263 1097 1340 autem,
1121 1278 1202 1342 quos
1222 1259 1297 1321 dicit
1313 1257 1379 1340 jam
1398 1257 1481 1323 Rhe-

362 1403 443 1447 num
473 1403 543 1448 esse
572 1385 726 1466 traJectos,
758 1389 834 1448 sunt
852 1384 1001 1448 Harudes
1025 1386 1054 1465 2)
1079 1389 1110 1448 ct
1133 1403 1214 1467 quos
1238 1384 1314 1447 dicit
1336 1385 1374 1446 ad
1397 1387 1482 1467 ripas

363 1507 507 1572 fluminis
531 1509 777 1590 consedissent
797 1530 893 1592 quam
912 1511 1050 1592 primum
1067 1511 1246 1591 trajicerent
1265 1515 1342 1574 sunt
1353 1516 1482 1574 centum

364 1635 438 1716 pagi
466 1632 645 1698 Sueborum
670 1636 709 1715 3).
733 1634 841 1698 Pauca
863 1639 900 1697 ut
922 1635 956 1696 in
979 1634 1033 1696 tali
1056 1653 1090 1698 re
1110 1634 1191 1698 solet
1213 1634 1316 1698 facere
1337 1635 1424 1698 addit
1446 1635 1484 1699 de

364 1763 483 1821 terrore
512 1757 651 1821 militum
682 1763 712 1822 et
743 1778 854 1822 eorum
885 1760 983 1820 animi
1012 1759 1255 1843 perturbatione.
1280 1757 1396 1838 Omnia
1418 1764 1483 1822 tam

364 1889 435 1968 apte
458 1885 668 1966 consentiunt,
690 1889 728 1947 ut
749 1885 876 1948 nullum
898 1884 1033 1948 dubium
1055 1885 1216 1966 reliquum
1238 1903 1308 1948 esse
1329 1885 1483 1966 videatur,

367 2012 446 2092 quin
467 1999 510 2072 ‘in
532 2011 665 2074 historia
687 2010 798 2074 Gallici
821 2011 896 2075 belli
919 2011 1136 2094 componenda
1159 2010 1301 2075 Caesaris
1324 2031 1484 2074 commen-

366 2136 454 2198 tariis
477 2133 539 2198 Dio
562 2155 642 2199 usus
665 2137 713 2211 sit.
737 2135 799 2199 Sed
823 2155 863 2199 ex
882 2137 931 2216 iis,
952 2155 1033 2218 quae
1054 2137 1160 2199 statim
1180 2141 1368 2218 sequuntur,
1379 2142 1484 2220 petam

366 2265 600 2356 argumentum,
632 2262 718 2345 quod
748 2263 843 2326 ctiam
872 2263 974 2345 magis
1005 2281 1103 2344 quam
1132 2262 1184 2324 hic
1213 2281 1397 2344 consensus,
1425 2263 1486 2326 hoc

367 2387 460 2450 nobis
483 2386 602 2469 probat.
1149 2351 1155 2362 ι

413 2510 485 2595 Gap,
509 2512 639 2575 36-46
663 2515 809 2595 sequitur
831 2513 916 2595 apud
937 2512 1074 2576 Dionem
1098 2512 1196 2575 oratio
1221 2509 1371 2592 Caesario,
1389 2531 1486 2594 quam

368 2657 440 2702 curn
466 2638 551 2722 apud
572 2638 718 2702 tribunos
740 2637 880 2701 militum
902 2641 932 2700 et
955 2638 1156 2700 centuriones
1177 2623 1328 2698 habuisse
1347 2635 1431 2716 dicit,
1451 2640 1487 2699 ut

366 2763 407 2826 iis
438 2763 582 2826 animum
613 2762 742 2825 adderet
770 2766 801 2826 et
833 2761 1018 2824 seditionem
1050 2761 1180 2823 sedaret.
1203 2758 1237 2822 Si
1261 2761 1334 2842 quis
1357 2760 1485 2823 suillam

369 2893 399 2953 et
421 2890 561 2970 ineptam
584 2857 758 2950 orationem
779 2887 883 2970 legere
907 2887 1022 2969 cupiat,
1040 2885 1123 2947 hanc
1138 2886 1285 2968 inspiciat
1305 2886 1487 2948 orationem,

368 3013 468 3076 Plane
498 3013 592 3076 etiam
620 3012 723 3075 differt
746 3010 784 3074 ab
809 3031 853 3091 ea,
877 3030 974 3092 quam
997 3007 1112 3072 Caesar
1133 3011 1202 3092 ipse
1225 3009 1256 3088 4)
1281 3027 1315 3072 sc
1338 3008 1488 3072 habuisse

246 3213 250 3220 ,
368 3143 509 3204 testatur.
544 3137 658 3221 Itaque
691 3138 771 3200 nihil
802 3138 931 3200 omnino
963 3139 1011 3199 est
1042 3134 1185 3216 dubium,
1216 3135 1295 3217 quin
1322 3133 1384 3196 Dio
1407 3135 1489 3196 hanc

370 3267 542 3329 orationem
585 3263 715 3327 finxerit
757 3268 787 3326 et
820 3263 970 3326 historiae
1002 3262 1181 3341 inseruerit,
1216 3265 1253 3322 ut
1288 3279 1357 3323 eam
1392 3280 1488 3342 quam

369 3393 509 3454 maxime
550 3389 620 3453 fieri
659 3390 762 3472 potuit
804 3392 929 3451 ornaret
961 3391 992 3450 et
1024 3385 1211 3449 calamistris
1244 3385 1392 3446 inureret.
1428 3382 1489 3446 Sed

368 3523 475 3581 tamen
497 3535 564 3579 una
585 3535 636 3578 res
656 3517 748 3595 inest,
773 3534 870 3597 quam
894 3511 1008 3576 Caesar
1031 3513 1058 3575 si
1081 3511 1150 3592 ejus
1170 3510 1405 3574 commentariis
1425 3528 1490 3571 cre-

370 3643 476 3706 dimus
510 3661 544 3704 16
576 3660 652 3704 vera
686 3640 806 3704 dixisse
837 3639 969 3702 videtur.
1000 3637 1059 3700 llst
1089 3636 1201 3700 ultima
1228 3655 1300 3718 pars
1332 3635 1490 3714 orationis,

404 3992 732 4056 DMRQLWAEK

405 4083 752 4148 QQQQRQLM

405 4173 749 4235 3WmQRstLQ

405 4263 674 4327 &MRQLW
