3424 5188
944 531 985 593 18

438 740 490 803 Ex
526 738 669 805 Caesaris
702 740 938 804 commentariis
975 740 1005 819 1)
1040 745 1169 825 apparet
1203 739 1367 805 Helvetios
1402 761 1468 805 non
1502 763 1522 804 a

395 864 552 948 Sequanis
576 869 607 928 et
627 864 750 928 Aeduis
775 864 831 927 sed
854 884 873 926 a
895 863 971 927 solis
994 863 1151 947 Sequanis
1173 866 1359 947 impetrasse
1382 871 1445 946 „ut
1464 885 1521 948 per

351 985 354 992 ’
394 990 475 1054 fines
499 1009 575 1054 suos
599 988 763 1052 Helvetios
785 990 832 1052 ire
854 987 1044 1071 patiantur‚''
1065 1007 1184 1071 eosque
1203 1008 1270 1052 non
1288 1009 1380 1072 agros
1401 989 1520 1073 Sequa-

393 1134 510 1177 norum
535 1119 566 1177 et
589 1113 777 1177 Aeduorum
803 1113 859 1176 sed
881 1118 1008 1177 tantum
1031 1133 1123 1198 agros
1144 1113 1331 1178 Aeduorum
1353 1115 1519 1198 populatos

395 1259 465 1304 esse
496 1241 531 1302 in
561 1241 662 1322 capite
691 1239 731 1301 11
756 1239 947 1302 invenimus.
969 1238 1019 1300 Ita
1043 1257 1172 1321 quoque
1195 1258 1260 1302 nou
1282 1240 1389 1303 Aedui
1411 1245 1442 1304 et
1465 1239 1520 1304 Se-

395 1368 503 1450 quani,
533 1371 570 1429 nt
593 1364 654 1428 Dio
678 1367 713 1428 in
737 1363 945 1448 sequentibus
968 1364 1071 1447 tradit,
1095 1366 1150 1429 sed
1172 1365 1279 1430 Aedui
1302 1385 1376 1430 cum
1398 1367 1519 1431 clienti-

395 1492 457 1556 bus
489 1493 557 1556 suis
585 1492 705 1574 legatos
730 1491 770 1554 ad
794 1489 960 1554 Caesarem
982 1492 1113 1555 mittunt
1136 1492 1295 1556 auxilium
1317 1498 1464 1577 rogatum
1488 1496 1519 1575 2)

396 1617 460 1694 Qui
491 1637 601 1682 omnes
633 1635 754 1680 errores
781 1617 842 1679 orti
865 1620 941 1680 sunt
963 1615 1162 1700 neglegentia
1185 1615 1307 1699 Dionis,
1331 1620 1389 1700 qui
1408 1620 1520 1682 memi-

396 1747 493 1806 nerat.
519 1762 554 1806 se
583 1742 699 1825 legisse
729 1741 815 1823 apud
845 1739 1010 1804 Gaesarem
1042 1742 1080 1804 de
1109 1741 1266 1825 Sequanis
1289 1746 1320 1806 et
1342 1742 1465 1806 Aeduis
1489 1747 1520 1806 et

398 1885 435 1930 ea
469 1867 623 1930 memoria
656 1865 796 1929 confisus
826 1867 861 1928 in
891 1866 1038 1929 historias
1068 1867 1195 1930 rettulit.
1228 1865 1316 1942 Quae
1340 1871 1520 1950 sequuntur

396 1993 574 2055 accuratius
606 1993 811 2055 consentiunt
842 1992 897 2055 sad
928 1993 1045 2055 iterum
1075 1996 1152 2056 sunt
1173 1997 1359 2075 argumento
1382 1990 1516 2054 Dionem

396 2119 559 2182 historiam
595 2137 637 2181 ex
670 2119 823 2182 memoria
856 2119 1090 2200 conscripsisse,
1118 2117 1204 2200 quod
1235 2137 1272 2180 ea
1301 2136 1383 2199 quae
1406 2115 1520 2180 Caesar

397 2245 492 2308 tradit
518 2245 621 2309 alieno
644 2249 675 2307 et
696 2246 804 2307 minus
827 2249 898 2327 apto
921 2244 990 2306 loco
1013 2245 1156 2306 inseruit.
1180 2241 1327 2305 Primum
1350 2241 1441 2305 dicit:
1466 2238 1517 2303 acl

305 2368 306 2371 ’
398 2365 499 2444 ἔλεγον
531 2366 587 2444 μὲν
617 2366 696 2430 οὐδὲν
725 2365 811 2444 ὅμοιαι
834 2361 873 2438 οἷς
897 2363 1036 2447 ἔπραξαν,
1062 2367 1148 2450 quod
1172 2368 1240 2430 sine
1263 2366 1360 2430 dubio
1382 2366 1518 2430 referen-

397 2495 473 2558 dum
506 2498 554 2557 est
577 2494 619 2556 ad
642 2492 728 2556 Caes.
752 2493 780 2556 d.
802 2493 838 2556 B.
864 2493 899 2556 G.
922 2493 946 2556 Ι.
974 2493 1024 2575 16,
1045 2492 1104 2556 ubi
1127 2491 1248 2574 Caesar,
1271 2492 1431 2575 Tigurinis
1452 2494 1518 2574 jam

395 2619 477 2682 fusis
500 2618 721 2701 Helvetiisque
743 2639 800 2702 per
820 2619 887 2682 dies
908 2618 1091 2702 quindecim
1109 2619 1139 2698 3)
1159 2636 1215 2700 per
1227 2637 1318 2702 agros
1330 2618 1517 2682 Aeduorum

395 2744 580 2827 progressis,
612 2745 758 2826 queritur
792 2742 948 2823 „Aeduos
979 2743 1076 2810 diem.
1093 2762 1135 2805 ex
1164 2742 1214 2804 die
1238 2741 1361 2822 ducere,
1384 2739 1518 2804 conferri

394 2869 601 2952 frumentum,
644 2871 840 2954 comportari,
882 2869 992 2932 adesse
1034 2867 1167 2931 dicere.''
1201 2865 1324 2931 Deinde
1357 2865 1518 2928 contendit

397 2993 563 3059 Caesarem
602 2995 765 3076 metuisse,
798 3013 839 3058 ne
872 2993 1012 3057 Helvetii
1044 2993 1189 3056 Tolosam
1224 3011 1258 3056 se
1291 2994 1518 3070 converterent

397 3120 483 3203 quod
512 3120 597 3184 idom
627 3119 741 3184 Caesar
764 3121 794 3201 2)
817 3120 867 3183 his
889 3119 996 3183 verbis
1019 3119 1197 3203 descripsit:
1225 3117 1378 3199 „Caesari
1400 3137 1518 3181 renun-

394 3245 492 3308 tiatur
524 3243 681 3307 Helvetiis
716 3263 785 3307 esse
819 3245 854 3307 in
885 3245 991 3306 animo
1021 3263 1078 3327 per
1105 3264 1217 3327 agrum
1241 3243 1463 3326 Sequanorum
1487 3247 1519 3306 et

395 3368 583 3431 Aeduorum
612 3369 673 3431 iter
702 3369 737 3430 iu
769 3367 946 3432 Santonum
977 3368 1058 3432 fines
1079 3368 1190 3450 facere,
1215 3369 1271 3451 qui
1294 3387 1359 3430 nou
1382 3367 1518 3449 longea

393 3494 588 3558 Tolosatium
621 3493 741 3558 finibus
772 3494 897 3558 absunt.
927 3494 966 3558 ld
997 3496 1024 3558 si
1052 3493 1150 3575 fieret,
1177 3491 1379 3576 intellegebat
1401 3511 1517 3575 magno

393 3637 467 3682 cum
490 3618 631 3701 periculo
653 3619 835 3702 provinciae
857 3618 1014 3699 futurum,
1035 3623 1073 3682 ut
1094 3619 1240 3682 homines
1262 3617 1438 3700 bellicosos,
1461 3637 1518 3702 po·

393 3743 462 3826 puli
490 3741 628 3808 Romani
658 3743 815 3826 inimicos,
845 3743 923 3807 locis
945 3743 1127 3827 patentibus
1149 3745 1354 3826 maximeque
1376 3742 1519 3808 frumen-

428 3989 682 4054 umacus

427 4081 700 4142 111111

430 4172 699 4233 111111

428 4261 700 4328 omasum
