3424 5188
340 751 415 813 hino
446 751 571 834 collegit
600 751 739 814 Brutum
771 771 913 835 pugnam
940 753 1136 816 committere
1158 771 1224 814 non
1247 771 1361 814 ausum
1386 770 1462 814 esse.

344 872 437 949 Quod
456 875 551 957 addit,
572 894 647 938 eum
667 880 737 939 tum
759 876 888 940 demum
901 896 1000 940 naves
1015 896 1090 940 suas
1103 875 1142 938 ad
1153 896 1294 959 pugnam
1307 876 1467 956 eduxisse,

343 1019 444 1081 quum
468 1001 555 1064 venti
577 1003 627 1064 vis
648 1001 781 1082 caderet,
803 1020 844 1065 ne
863 1001 923 1064 hoo
946 1002 1076 1083 quidem
1100 1020 1213 1064 verum
1233 1005 1287 1064 est
1300 999 1465 1083 Tranquil-

343 1125 415 1188 litas
449 1130 497 1189 est
531 1132 607 1209 orta,
638 1131 740 1210 quum
770 1125 906 1189 Romani
933 1128 1000 1209 jam
1031 1128 1182 1190 vicissent
1204 1125 1350 1208 Gallique
1375 1127 1465 1189 sein

344 1250 454 1333 fugam
486 1253 716 1314 convertissent
740 1252 787 1332 1);
818 1271 924 1334 neque
945 1253 980 1313 in
1003 1271 1041 1315 ea
1061 1270 1096 1315 re
1118 1271 1247 1315 necesse
1271 1257 1318 1315 est
1341 1249 1466 1315 Caesari

344 1376 439 1440 fidem
463 1376 587 1458 habere,
610 1378 665 1441 sed
689 1379 717 1441 si
741 1379 813 1461 quis
835 1382 959 1460 reputet
980 1376 1133 1441 Romanis
1153 1397 1219 1439 non
1239 1376 1368 1440 falcium
1386 1397 1465 1459 opus

344 1501 453 1584 fuisse,
477 1502 594 1585 quibus
617 1502 720 1591 funes„
744 1506 801 1587 qui
824 1508 988 1568 antemnas
1013 1504 1052 1567 ad
1075 1504 1175 1568 malos
1188 1503 1396 1584 destinabant,
1414 1503 1467 1566 ab·

347 1627 511 1691 cinderent
541 1629 581 1709 2),
613 1629 640 1691 si
666 1629 733 1710 jam
763 1636 836 1692 ante
864 1649 1005 1712 pugnam
1028 1631 1077 1692 vis
1100 1629 1187 1692 venti
1211 1628 1383 1708 cecidisset,
1401 1629 1467 1709 jam

349 1753 452 1816 statim
488 1753 638 1817 concedet
672 1752 836 1818 Caesarem
871 1755 923 1817 hic
956 1756 1118 1818 veritatem
1159 1753 1326 1818 tradidisse
1363 1771 1468 1836 neque

348 1877 454 1941 credet
476 1876 580 1961 Dioni,
604 1880 660 1961 qui
683 1881 758 1961 (cap.
781 1881 835 1960 43)
859 1880 934 1943 (11011
956 1878 1051 1943 falces
1074 1885 1143 1942 trun
1167 1879 1296 1942 demum
1320 1877 1468 1940 1110110-

348 2003 399 2064 nis
422 2021 492 2066 esse
516 2004 666 2086 admotas,
690 2025 792 2087 quum
812 2007 878 2087 jam
900 2007 1064 2069 victoriam
1086 2009 1308 2088 reportassent,
1331 2022 1372 2067 ne
1393 2023 1469 2067 ven-

279 2141 281 2146 ’
348 2132 402 2190 tus
426 2127 531 2191 denuo
555 2147 733 2213 exsurgens
755 2149 853 2194 naves
877 2129 1039 2194 Gallorum
1059 2135 1207 2210 moveret.
1228 2129 1365 2194 Prorsus
1384 2130 1470 2192 enim

350 2258 398 2317 est
429 2253 613 2319 incredibile
637 2275 690 2319 eos
717 2260 788 2338 post
808 2277 948 2340 pugnam
971 2255 1092 2337 fecisse,
1116 2255 1202 2338 quod
1226 2260 1298 2319 ante
1321 2275 1470 2338 pugnam,

353 2399 455 2461 quum
485 2379 586 2442 multo
617 2381 769 2463 majorem
797 2401 894 2444 usum
927 2380 1065 2462 haberet,
1087 2380 1312 2464 neglexissent.
1335 2377 1471 2461 Reliqua

352 2508 459 2569 omnia
488 2507 523 2568 in
545 2507 605 2569 hoc
629 2509 729 2590 capite
752 2509 839 2572 etin
862 2527 926 2590 cap.
951 2509 1003 2589 43,
1027 2508 1111 2590 quod
1136 2508 1289 2589 sequitur,
1313 2510 1471 2588 quatenus

352 2633 391 2694 ad
420 2653 559 2715 pugnam
584 2634 743 2715 pertinent
764 2633 857 2716 plane
881 2637 957 2696 sunt
979 2631 1059 2696 ficta.
1088 2631 1238 2695 Vidimus
1263 2651 1358 2714 supra
1384 2633 1414 2712 3)
1438 2633 1472 2693 in

352 2758 561 2840 descriptione
595 2778 722 2841 pugnae
755 2779 829 2822 cum
863 2757 1024 2821 Ariovisto
1055 2756 1191 2821 Dionem
1221 2759 1255 2818 11
1286 2755 1472 2838 hujusmodi

350 2881 447 2946 rebus
481 2884 609 2966 ingenio
640 2888 671 2947 et
702 2889 834 2948 naturae
864 2883 1037 2966 indulgere.
1069 2883 1159 2948 Idem
1181 2883 1233 2946 hio
1254 2881 1329 2946 facit
1353 2887 1384 2947 et
1405 2902 1472 2945 non

351 3009 459 3070 minus
495 3007 592 3071 stulta
626 3006 744 3090 profert
774 3028 870 3090 quam
903 3008 975 3070 illio.
1007 3007 1078 3070 Hoc
1109 3008 1212 3071 solum
1243 3026 1321 3090 eg.
1346 3005 1473 3070 afferam

351 3133 524 3195 nonnullos
557 3131 714 3196 Gallorem
742 3131 847 3196 Dione
870 3137 997 3196 auctore
1020 3134 1053 3194 in
1076 3151 1163 3196 mare
1186 3132 1341 3198 desiliisse
1364 3136 1401 3195 ut
1423 3132 1473 3195 vel

351 3275 481 3320 naves
511 3255 790 3320 Romanorum
822 3257 1176 3337 conscenderent,
1206 3257 1256 3320 vel
1282 3254 1474 3319 aRomanis

352 3401 418 3444 101
440 3381 700 3446 interficerentur.

396 3506 533 3570 Transeo
565 3508 604 3571 ad
636 3513 730 3591 caput
753 3509 806 3586 44,
829 3527 892 3590 quo
916 3506 1037 3570 bellum
1059 3527 1134 3569 cum
1157 3505 1290 3569 Morinis
1314 3504 1475 3570 0111011-

353 3633 415 3714 piis
444 3637 558 3695 narrat.
592 3632 707 3696 Scribit
736 3631 798 3696 Dio
831 3632 996 3697 Caesarem
1025 3630 1212 3694 arbitratum
1236 3649 1305 3694 esse
1329 3648 1363 3694 se
1385 3629 1476 3692 facile

355 3779 408 3822 eos
452 3778 521 3822 esse
564 3761 734 3841 victurum,
777 3761 863 3842 quod
905 3761 999 3822 etium
1034 3758 1118 3840 apud
1152 3755 1318 3820 Caesarem
1352 3756 1476 3818 inveni-

389 4090 414 4149 1)
433 4089 469 4137 oe
489 4090 515 4137 1.
534 4089 562 4136 o.
580 4089 625 4138 ru.
646 4091 685 4137 rr.

389 4180 414 4244 a)
430 4179 466 4227 oe
486 4180 513 4227 1.
532 4180 560 4228 o.
581 4180 627 4228 111.
649 4181 687 4228 14.

390 4273 415 4328 a
435 4287 488 4335 pag.
508 4272 549 4318 aa.
