3424 5188
745 601 785 662 19

205 810 297 872 tariis
316 808 469 872 finitimos
488 808 646 873 haberet.'’
666 808 832 873 Praeterea
851 806 912 871 Dio
925 809 964 870 de
976 828 1034 871 suo
1048 809 1168 871 addidit
1179 809 1331 872 maluisse

210 931 375 996 Caesarem
407 954 473 998 una
503 953 577 997 cum
607 935 730 998 Aeduis
761 954 857 1017 quam
887 933 991 996 solum
1014 933 1135 997 bellurn
1159 953 1233 997 cum
1255 933 1332 998 Hel·
1407 968 1412 976 -

208 1057 303 1120 vetiis
326 1055 442 1140 gerere.
467 1055 560 1131 Quod
580 1058 671 1121 facile
690 1058 791 1121 credo.
811 1057 914 1121 Venio
934 1077 1023 1121 nunc
1043 1058 1082 1120 ad
1093 1078 1235 1141 pugnam
1248 1059 1333 1142 apud

209 1179 333 1245 flumen
364 1181 500 1264 Ararim,
532 1203 596 1265 qua
625 1184 659 1244 in
688 1202 723 1246 re
750 1180 811 1244 Dio
834 1182 927 1266 plane
951 1202 1024 1246 cum
1049 1181 1181 1246 Caesare
1206 1183 1235 1263 1)
1260 1202 1333 1246 oon-

210 1307 314 1368 sentit.
339 1304 471 1398 Caesare
494 1312 622 1371 auctore
642 1327 730 1371 unus
753 1327 855 1391 pagus
874 1306 1104 1389 Helvetiorum,
1125 1309 1182 1391 qui
1198 1308 1333 1392 appella-

211 1429 306 1494 batur
333 1431 514 1515 Tigurinus,
545 1432 647 1524 tribus
678 1435 790 1496 ceteris
817 1435 883 1514 jam
912 1431 1034 1496 flumen
1064 1433 1227 1519 traductis,
1256 1434 1334 1495 citra

212 1555 339 1618 Ararim
362 1559 522 1640 remansit,
545 1524 683 1641 eumque
706 1578 825 1642 pagum
843 1560 911 1641 ipse
930 1564 978 1622 est
997 1558 1126 1622 adortus
1143 1564 1333 1641 etmagnam

212 1687 334 1764 partem
368 1702 480 1747 eorum
511 1685 656 1747 concidit.
687 1683 776 1760 Quae
799 1686 906 1748 omnia
928 1683 989 1747 Dio
1014 1703 1078 1766 cap.
1103 1685 1153 1746 33.
1178 1685 1198 1745 4
1222 1684 1333 1746 eodem

213 1807 307 1870 modo
338 1808 432 1872 refert
462 1813 585 1892 praeter
615 1829 733 1872 nomen
755 1811 837 1893 pagi,
862 1810 948 1892 quod
971 1811 1085 1872 omisit.
1109 1810 1277 1893 Appianus
1302 1811 1333 1889 2)

214 1939 245 1995 et
275 1932 465 1997 Plutarchus
490 1934 520 2015 3)
546 1953 615 1998 rem
637 1935 731 2018 longe
754 1935 844 1998 aliter
866 1939 1002 1996 narrant.
1027 1932 1192 1997 Caesarem
1214 1934 1336 1996 bellum

213 2059 351 2140 gessisse
381 2077 455 2121 cum
478 2057 603 2122 duobus
625 2059 751 2142 populis
774 2058 929 2123 Helvetiis
954 2065 984 2122 et
1005 2059 1174 2142 Tigurinis,
1198 2078 1336 2141 quorum

214 2181 349 2244 alterurn
371 2184 448 2265 ipse,
472 2183 607 2246 alterum
628 2182 789 2248 Labienus
809 2185 894 2246 vicit.
914 2183 1018 2267 igitur
1037 2203 1102 2246 non
1121 2183 1228 2266 probo,
1249 2183 1336 2266 quod
1458 2255 1463 2274 Ι

214 2305 308 2369 Peter
332 2307 407 2369 dicit
428 2309 463 2368 in
484 2306 565 2370 libro
592 2308 659 2388 „de
681 2308 823 2372 fontibus
846 2307 1030 2371 Plutarchi”
1053 2328 1122 2391 pag.
1145 2309 1337 2391 tauquam

216 2433 281 2514 agit
311 2432 350 2496 de
374 2431 515 2497 Caesaris
538 2435 773 2497 commentariis
796 2438 826 2496 et
850 2434 889 2496 de
912 2434 1105 2515 auctoritate,
1128 2453 1211 2516 quae
1233 2435 1273 2497 iis
1297 2433 1336 2496 ab
1420 2424 1426 2441 ⁴

215 2555 373 2620 historicis
397 2556 525 2621 Graecis
549 2563 580 2621 et
600 2557 761 2639 Romanis,
783 2560 839 2641 qui
861 2559 1017 2641 proximis
1040 2558 1155 2622 seculis
1174 2560 1335 2640 vixerunt,

217 2680 334 2744 tributa
358 2683 406 2744 sit.
429 2681 531 2765 Negat
554 2701 608 2746 eos
630 2682 694 2746 illis
717 2683 952 2746 commentariis
974 2702 1051 2746 usos
1075 2703 1145 2747 esse
1164 2688 1195 2746 et
1213 2684 1338 2766 iteper-

215 2809 277 2889 git:
306 2807 489 2887 ,Viehnehr
510 2808 613 2872 haben
635 2809 694 2871 wir
715 2809 752 2869 in
774 2809 834 2871 den
854 2808 988 2892 librigen
1009 2808 1191 2872 erhaltenen
1209 2808 1338 2872 Schrift-

217 2932 345 2996 stellem
376 2934 446 2996 eine
472 2933 642 3015 lhadition,
665 2934 715 2998 die
740 2933 795 2996 der
820 2932 949 2997 Caesars
972 2933 1135 2998 bestimmt
1156 2934 1340 3018 gegeniiber

217 3057 307 3121 steht.
331 3057 412 3122 dene
435 3058 553 3122 theilen
576 3059 643 3122 sich
666 3059 752 3122 dann
775 3059 892 3122 wieder
913 3061 948 3122 in
967 3061 1046 3123 zwei
1063 3037 1276 3144 Hauptlager:
1297 3081 1340 3124 zu

218 3182 289 3246 dem
323 3184 417 3247 einen
449 3184 560 3267 gehdrt
597 3183 726 3248 Cassius
759 3183 830 3265 Dio,
860 3205 903 3248 zu
934 3185 1006 3249 dem
1037 3185 1157 3249 andern
1180 3185 1340 3268 Plutarch,

217 3309 353 3391 Appian,
388 3307 524 3372 Orosius
557 3310 598 3391 4),
628 3308 741 3373 Florus
771 3309 839 3372 und
869 3310 927 3371 hin
960 3310 1028 3373 und
1050 3310 1167 3374 wieder
1189 3309 1341 3374 Sueton.''

220 3490 366 3500 —.—

253 3596 277 3656 l)
294 3595 330 3646 De
348 3597 376 3644 B.
394 3596 424 3647 G.
441 3596 464 3644 1.
483 3595 524 3645 la.

252 3687 277 3754 2)
293 3689 357 3752 App.
375 3685 402 3736 ἐκ
419 3690 462 3743 τῆς
478 3689 596 3743 Κελτικῆς
616 3687 637 3735 1.
656 3687 671 3734 3
690 3690 715 3734 et
733 3687 775 3736 15.

253 3779 278 3845 3)
294 3779 361 3829 Plnt.
379 3777 448 3828 Caes.
467 3779 507 3826 18.

252 3873 281 3935 4)
299 3869 370 3935 Quod
395 3870 425 3919 ad
451 3869 566 3918 Orosium
591 3868 691 3927 attinet,
717 3883 802 3917 verum
831 3883 882 3916 esse
907 3870 990 3931 potest
1008 3867 1033 3914 in
1053 3865 1120 3914 bello
1138 3865 1215 3924 civili,
1233 3866 1259 3914 in
1277 3866 1342 3915 bello

219 3961 317 4012 Gallico
336 3978 385 4011 non
402 3967 446 4010 est.
465 3961 521 4025 Ipse
538 3960 604 4009 enim
623 3959 726 4008 Orosius
744 3959 769 4007 in
789 3959 862 4008 initio
878 3958 940 4006 belli
958 3957 1050 4006 Gallici
1068 3957 1133 4019 (Lib.
1152 3957 1195 4016 VI,
1213 3973 1264 4022 cap.
1283 3957 1343 4020 vll>

220 4055 293 4104 dicit:
313 4054 405 4113 „Hanc
422 4053 552 4102 historiam
571 4051 644 4116 (belli
661 4051 762 4114 Gallici)
782 4051 913 4099 Suetonius
932 4049 1091 4113 Tranquillus
1106 4049 1250 4113 plenissime
1264 4048 1344 4113 expli·

220 4145 280 4204 cuit,
297 4145 365 4208 cujus
384 4160 428 4194 nos
445 4149 610 4208 competentes
627 4141 797 4206 portiunculas
812 4140 1003 4205 decerpsimus.’'
1013 4139 1163 4203 Pervulgato
1173 4143 1255 4188 autem
1264 4154 1344 4188 errore

220 4241 258 4298 (ut
275 4237 335 4285 satis
351 4241 438 4286 notum
455 4237 503 4300 est)
522 4235 689 4284 arbitrabatur
707 4233 898 4283 commentarios
914 4233 943 4281 de
961 4232 1030 4281 bello
1044 4232 1142 4280 Gallico
1152 4229 1344 4290 nonaCaesare,

222 4327 264 4375 sed
280 4344 295 4376 a
311 4326 429 4376 Suetonio
446 4342 497 4375 esee
514 4326 628 4390 scriptos.
645 4324 775 4373 Caesarem
792 4319 873 4388 ipsdm
891 4323 968 4387 igitur
984 4323 1011 4371 in
1029 4322 1134 4371 historia
1152 4338 1195 4370 sua
1219 4321 1345 4370 adhibuit.
