3424 5188
872 569 912 630 58

333 777 394 842 Dio
428 780 523 843 tradit
557 779 720 844 Caesarem
756 787 828 864 post
861 781 922 844 hoc
954 782 1110 865 proelium
1142 781 1248 846 oleum
1275 786 1306 845 et
1327 800 1455 865 operam
1544 796 1547 803 ·

333 904 508 988 perdidisse
530 905 716 990 Ambiorige
738 907 966 991 persequenda
991 909 1046 990 qui
1069 906 1163 969 modo
1186 906 1254 989 hac,
1277 907 1455 970 modoillac

335 1030 503 1115 diffugiens
538 1034 678 1096 maxime
700 1031 853 1096 Romanis
877 1031 1018 1114 nocebat,
1042 1032 1127 1114 quod
1151 1033 1317 1115 perspicue
1338 1031 1456 1096 falsum

336 1160 392 1219 est.
423 1155 602 1240 Ambiorigi
633 1157 727 1237 enim,
755 1157 783 1220 si
806 1157 959 1220 concedas
982 1175 1055 1220 eum
1077 1155 1285 1222 Treverorum
1309 1148 1456 1220 cladi'of-

334 1281 442 1362 fnisse,
477 1282 563 1364 quod
592 1301 658 1364 non
688 1287 736 1346 est
766 1283 947 1363 verisimile,
976 1282 1056 1345 nihil
1087 1301 1167 1365 opus
1191 1286 1257 1345 erat
1278 1282 1338 1346 hac
1361 1285 1456 1364 atque

335 1406 409 1469 illac
443 1406 604 1490 diffugere,
640 1407 899 1490 qnandoquidem
929 1409 965 1470 in
994 1407 1075 1471 fines
1097 1406 1295 1489 Eburonum,
1319 1426 1457 1490 quorum

334 1552 393 1596 rex
428 1537 502 1613 erat,
534 1537 641 1595 tutum
674 1539 837 1616 receptum
870 1532 1013 1596 habehat.
1047 1531 1109 1596 Sed
1139 1551 1245 1614 neque
1276 1553 1294 1595 a
1326 1531 1457 1596 Caesare

335 1664 522 1742 persecutus
554 1664 610 1742 est,
644 1661 700 1742 qui
729 1679 923 1742 quamquam
947 1679 1003 1743 per
1024 1664 1128 1723 totum
1151 1660 1212 1722 hoc
1232 1679 1354 1722 annum
1378 1659 1458 1721 nihil

337 1785 425 1848 aliud
456 1785 616 1868 spectabat
639 1805 736 1868 quam
758 1784 819 1848 hec
841 1805 953 1866 unum,
975 1790 1012 1848 ut
1034 1784 1204 1848 Ambiorix
1227 1803 1345 1868 poenas
1369 1784 1456 1848 daret

336 1910 523 1993 proditionis
546 1911 741 1991 commissae,
764 1915 870 1973 tamen
893 1929 959 1973 non
982 1914 1054 1973 ante
1076 1911 1184 1993 ipsum
1202 1910 1284 1974 bello
1304 1910 1458 1973 lacessere

336 2035 510 2098 dicreverat
544 2055 641 2118 quam
675 2037 703 2098 ei
736 2035 943 2098 finitimorum
976 2035 1095 2098 annilia
1131 2034 1310 2098 detraxerat
1346 2035 1385 2116 l),
1419 2051 1459 2096 ne

339 2161 508 2243 despurata
538 2161 639 2224 sainte
669 2160 839 2223 Ambiorix
867 2165 922 2224 aut
945 2179 979 2224 se
1002 2161 1036 2222 in
1059 2159 1222 2243 Menapios
1246 2159 1382 2240 abderet,
1405 2163 1460 2221 ant

339 2306 412 2349 cum
436 2286 684 2350 Transrhenanis
709 2286 857 2369 congredi
881 2268 1052 2369 cogeretur.
1064 2285 1186 2349 Eodem
1198 2286 1297 2368 igitur
1308 2289 1456 2366 tempore,

341 2432 405 2496 quo
435 2409 595 2476 Labienus
626 2431 699 2474 cum
721 2410 865 2474 Treveris
888 2409 1070 2493 conligavit
1093 2411 1161 2492 ipse
1184 2429 1277 2493 agros
1299 2407 1460 2491 Menapio-

339 2558 412 2600 rum
424 2539 560 2600 vastavit
572 2556 690 2620 eosque
701 2539 736 2600 in
749 2536 939 2600 deditionem
952 2536 1078 2619 accepit.
1090 2534 1233 2598 Treveris
1246 2537 1351 2598 autem
1365 2535 1456 2598 victis

340 2661 560 2745 Menapiisque
590 2663 624 2724 in
654 2662 763 2745 populi
785 2660 922 2724 Romani
943 2665 1134 2744 potestatum
1157 2660 1292 2723 redactis
1312 2658 1462 2722 Rhenum

340 2791 461 2871 trajecit
495 2794 526 2852 et
559 2794 630 2872 post
660 2789 798 2852 reditum
830 2808 871 2852 ex
896 2789 1064 2852 Germania
1086 2788 1214 2851 tandem
1237 2789 1271 2850 in
1294 2786 1461 2850 Eburones

339 2913 499 2997 profectus
522 2919 577 2978 est.
602 2911 746 2988 Quarum
768 2933 877 2976 rerum
899 2913 1120 2976 consiliumet
1142 2931 1272 2975 causam
1292 2913 1359 2993 jam
1371 2915 1463 2974 antea

342 3043 533 3121 exposuerat
558 3039 596 3119 1).

389 3163 573 3228 Statuamus
607 3164 706 3246 igitur
737 3162 955 3245 Ambiorigem
988 3179 1094 3243 neque
1116 3161 1258 3224 Treveris
1280 3160 1464 3244 praefmsse,

343 3308 449 3372 neque
471 3289 590 3372 proelio
614 3309 687 3353 cum
710 3288 850 3352 Labieno
876 3288 1012 3366 affinsse,
1036 3287 1091 3350 sed
1110 3306 1166 3369 per
1185 3291 1287 3349 totum
1307 3285 1368 3348 hoc
1387 3291 1465 3349 tem-

341 3435 402 3498 pus
426 3419 494 3478 tuto
513 3416 548 3476 in
564 3433 662 3497 regno
684 3433 742 3477 suo
762 3415 796 3475 in
818 3412 936 3476 finibus
956 3411 1146 3474 Eburonum
1156 3411 1347 3475 remansisse
1359 3429 1465 3492 neque

345 3540 509 3604 Caesarem
540 3545 613 3604 ante
639 3540 871 3624 expeditionem
896 3540 930 3602 in
954 3538 1156 3602 Germaniam
1179 3558 1307 3622 operam
1332 3538 1466 3620 dedisse,

343 3673 381 3731 ut
412 3667 451 3732 de
473 3666 659 3748 Ambiorige
682 3686 799 3750 poenas
823 3671 970 3730 sumeret.
994 3665 1105 3728 Justas
1128 3666 1212 3730 enim
1236 3669 1267 3729 et
1288 3663 1466 3748 probabiles

343 3795 481 3858 rationes
512 3794 626 3856 harum
657 3813 764 3857 rerum
797 3792 899 3857 reddit
929 3811 1035 3875 neque
1057 3790 1157 3854 ullam
1180 3809 1310 3854 causam
1331 3789 1467 3854 habebat

344 3921 475 3984 reticere
493 3938 526 3983 se
538 3919 656 3982 hustra
667 3918 886 4001 Ambiorigem
899 3936 968 3981 esse
979 3921 1191 4000 persecutum,
1204 3935 1305 3999 quum
1315 3921 1423 3998 postea
1435 3916 1466 3996 2)

374 4225 399 4286 r)
416 4224 453 4272 ne
472 4225 498 4272 a.
518 4224 545 4271 e.
575 4223 615 4271 v1.
637 4227 659 4272 a.

375 4313 400 4378 a)
419 4315 454 4362 ne
481 4315 508 4363 a.
526 4313 555 4362 s,
575 4313 617 4363 vr.
637 4315 677 4363 ao.
696 4315 735 4362 aa.
