3424 5188
759 616 800 676 33

226 825 421 888 munitiones
452 843 604 888 ascensus
628 823 804 905 videbatur,
827 823 976 886 omnibus
1000 824 1097 906 copiis
1120 825 1284 907 repentino
1308 842 1349 886 ex

228 949 341 1033 oppido
365 949 563 1032 eruptionem
586 947 750 1012 fecerunt'’
775 948 813 1029 l).
834 946 970 1031 Reliqua
990 949 1097 1011 omnia
1114 949 1149 1010 in
1167 949 1349 1032 hoccapita

226 1075 325 1157 idque
355 1093 598 1156 nonnumquam
628 1073 668 1136 ad
691 1072 834 1156 verbum,
856 1073 1067 1136 consentiunt.
1091 1071 1243 1155 Sequitur
1265 1071 1349 1156 apud

229 1199 364 1264 Dionem
395 1201 426 1280 2)
457 1199 535 1263 alios
558 1199 692 1283 populos
715 1198 868 1282 elegatis
891 1200 926 1260 in
948 1201 1136 1282 potestatem
1157 1197 1267 1282 populi
1287 1197 1350 1260 Ro-

228 1326 316 1388 mani
335 1343 405 1389 esse
420 1324 573 1406 redactos,
586 1322 751 1387 Caesarem
762 1322 904 1406 legiones
915 1324 950 1384 in
961 1322 1166 1386 bibemaoula
1178 1322 1351 1386 deduxisse

228 1455 260 1513 et
289 1449 552 1533 supplicationem
584 1447 766 1530 quindecim
797 1447 921 1512 dierum
953 1446 993 1511 ob
1023 1466 1074 1511 res
1101 1452 1207 1533 gestas
1230 1449 1260 1512 ei
1283 1467 1352 1512 esse

230 1577 396 1657 decretam,
417 1571 483 1653 ὅπερ
500 1570 577 1637 oziae
596 1569 726 1652 πρότερον
745 1570 883 1649 ἐγεγόνει,
907 1591 990 1656 quae
1002 1573 1109 1636 omnia
1120 1573 1231 1636 eodem
1242 1573 1352 1636 ordine

231 1700 316 1784 apud
349 1697 514 1762 Caesarem
550 1699 580 1779 3)
614 1699 826 1763 inveniuntur
859 1717 934 1760 oum
963 1699 1065 1762 isdem
1094 1697 1160 1762 fere
1189 1698 1295 1762 verbis
1318 1699 1353 1759 in

231 1823 312 1887 fine:
347 1823 461 1906 „quod
491 1825 564 1885 ante
593 1821 627 1884 id
650 1825 776 1905 tempus
799 1822 913 1885 accidit
934 1822 1046 1886 nulli.’'
1069 1822 1109 1885 In
1131 1822 1244 1886 ultima
1266 1826 1354 1906 parte

232 1967 297 2030 cap.
335 1948 353 2008 5
386 1945 447 2009 Dio
477 1951 584 2010 narrat
614 1965 659 2028 ea,
692 1965 774 2029 quae
805 1967 824 2010 a
854 1946 964 2012 Servio
989 1947 1088 2011 Galba
1109 1954 1198 2034 gesta
1221 1953 1298 2013 sunt
1319 1950 1354 2011 in

232 2071 390 2155 Veragros
420 2071 625 2154 reliquosque
656 2071 800 2155 populos
832 2074 888 2155 qui
916 2091 1058 2136 summas
1081 2073 1180 2157 Alpes
1201 2073 1354 2136 incolunt.

232 2197 352 2280 Mirum
372 2199 408 2260 in
430 2197 561 2259 modum
583 2215 656 2260 oum
678 2194 810 2260 Caesare
829 2198 995 2280 consentit,
1011 2217 1112 2280 quum
1125 2198 1217 2261 dicit:
1233 2193 1354 2276 coapa-

233 2344 318 2401 γρους
341 2318 423 2400 napa
446 2342 480 2383 rr
502 2328 538 2400 τῇ
562 2318 693 2400 Aeacius
716 2318 805 2400 alara
831 2319 880 2383 κοοὶ
905 2320 973 2401 πρὸς
996 2327 1055 2393 τοῖς
1074 2317 1246 2402 ’Λλλόβρνξν
1265 2320 1356 2400 μέχρι

234 2449 290 2509 τῶν
321 2441 461 2509 Ἄλπεων
493 2444 650 2516 οἰκοῦντος.
686 2443 800 2510 Caesar
830 2447 925 2510 etiam
955 2445 1132 2512 Nantuates
1156 2452 1187 2513 et
1210 2446 1356 2511 Sedunos

233 2576 357 2655 praeter
390 2569 549 2654 Veragros
583 2571 735 2653 nominat,
772 2571 857 2654 „qui
890 2592 909 2635 a
937 2571 1055 2636 finibus
1084 2572 1296 2658 Allobrogum
1327 2578 1358 2636 et

233 2697 306 2760 lacu
334 2677 497 2760 Lomanno
527 2696 566 2760 ad
598 2716 740 2762 summas
763 2697 862 2780 Alpes
883 2697 1062 2782 pertinent’'
1085 2700 1125 2780 4).
1154 2697 1224 2764 Hos
1247 2717 1358 2763 omnes

236 2822 336 2886 Galba
367 2824 453 2905 vicit7
476 2828 507 2887 et
529 2825 564 2886 in
585 2841 697 2887 eorum
720 2842 795 2907 agro
818 2824 957 2888 hiemare
978 2825 1143 2888 constituit
1168 2826 1206 2906 5).
1231 2822 1292 2888 Dio
1314 2826 1358 2888 ita

235 2951 354 3034 pergit;
390 2968 492 3032 quum
525 2953 632 3013 autem
661 2949 805 3033 plerique
834 2950 982 3032 militum,
1013 2950 1075 3032 alii,
1106 2949 1224 3034 quibus
1256 2949 1355 3012 Galba

235 3080 448 3140 commeatum
481 3074 609 3138 dederat
632 3074 662 3156 6)
698 3076 774 3158 quia
807 3094 873 3139 non
901 3075 997 3158 longe
1026 3074 1065 3137 ab
1097 3073 1190 3138 Italia
1212 3074 1350 3157 aberant,

237 3203 291 3266 alii
313 3202 499 3286 singillatim
521 3201 749 3283 discessissent,
770 3201 893 3265 incolae
914 3202 975 3264 hao
997 3201 1161 3266 occasione
1180 3203 1231 3266 usi
1251 3201 1357 3266 subito

239 3328 372 3393 Galbam
401 3329 543 3412 aggressi
565 3326 670 3392 sunt’'
693 3326 782 3391 Haec
804 3346 870 3390 non
892 3333 968 3392 sunt
991 3346 1074 3411 vera,
1098 3327 1153 3392 sed
1176 3328 1248 3391 luce
1271 3329 1359 3390 omni

239 3453 356 3520 clarius
378 3454 596 3519 demonstrant
614 3449 751 3518 Dionem
769 3451 910 3520 Caesaris
922 3454 1157 3518 commentariis
1169 3472 1239 3518 esse
1249 3472 1356 3516 usum.

240 3579 383 3646 Caesaris
410 3580 519 3645 looum
549 3579 678 3645 afferam
710 3579 747 3662 7).
775 3578 839 3660 „Id
861 3579 982 3666 aliquot
1005 3579 1171 3644 decausis
1194 3579 1357 3660 acciderat,

274 3799 299 3864 1)
316 3799 352 3848 De
370 3799 398 3852 B.
417 3799 447 3849 G.
466 3799 500 3850 ll.
522 3799 562 3848 33.

274 3890 300 3956 2)
315 3890 375 3964 Cap.
395 3894 417 3941 b.

275 3983 300 4049 8)
317 3982 354 4033 De
371 3984 400 4032 B.
415 3983 445 4033 e.
464 3983 497 4033 Il.
516 3983 556 4042 34,
575 3983 622 4032 35.

275 4075 301 4141 4)
317 4073 354 4123 De
372 4076 400 4124 B.
417 4074 447 4123 G.
464 4074 512 4123 111.
533 4074 557 4122 l.

278 4165 349 4231 t)1).
367 4164 394 4213 0.
412 4181 465 4230 cap.
484 4167 497 4214 b
516 4163 546 4213 ile
565 4165 592 4218 13.
611 4165 640 4212 G.
659 4164 705 4214 ΙΙΙ.
726 4164 748 4212 l.

277 4259 303 4325 b)
319 4259 381 4310 Cum
399 4258 511 4309 Bellero
528 4263 553 4306 et
570 4257 698 4310 Diodortio
716 4256 843 4306 emendavi
860 4254 986 4316 παρέμενον
1004 4254 1030 4302 ἰιι
1048 4251 1188 4314 παρειμένοι.

278 4350 556 4417 omauma

1252 4437 1268 4482 a
