3424 5188
932 566 973 627 20

397 774 519 838 Verum
548 774 642 855 ridet,
674 774 759 857 quod
788 774 869 836 dixit
892 772 1028 837 Dionem
1052 792 1121 837 esse
1144 775 1375 857 sejungendum
1400 795 1418 838 a
1442 726 1527 839 Plus

396 900 503 962 tareho
538 904 569 962 et
602 899 749 981 Appiano
786 899 842 962 sed
877 900 992 962 erravit
1024 898 1110 980 quod
1140 899 1181 961 ad
1210 897 1374 963 Caesarem
1398 902 1517 964 attinet.

394 1022 478 1086 Loco
501 1024 595 1104 enim,
619 1043 714 1106 quem
737 1043 833 1106 supra
855 1023 992 1103 laudavi,
1016 1028 1047 1087 et
1069 1023 1178 1087 multis
1202 1024 1272 1087 aliis
1291 1024 1369 1087 loeis
1387 1025 1518 1088 demon-

395 1153 512 1211 stratur
535 1146 670 1211 Dionem
695 1149 872 1212 consentire
896 1167 968 1211 oum
994 1147 1134 1229 Caesare,
1158 1149 1281 1212 differre
1304 1169 1323 1212 a
1345 1147 1516 1213 Plutarcho

396 1279 427 1336 et
450 1274 604 1356 Appiano.
629 1272 721 1348 Quod
741 1275 807 1355 jam
831 1276 936 1338 statim
961 1273 1137 1337 affirmatur
1158 1276 1207 1354 iis,
1231 1293 1312 1358 quae
1336 1281 1517 1358 sequuntur

394 1398 478 1482 apud
510 1397 646 1462 Dionem
678 1419 697 1461 a
726 1398 790 1462 fine
821 1401 932 1483 eapitis
961 1401 1001 1461 32
1026 1419 1130 1482 usque
1153 1399 1194 1464 ad
1216 1419 1280 1484 oap.
1306 1403 1356 1463 33.
1382 1403 1410 1481 3,
1434 1420 1516 1484 quae

394 1507 459 1588 tam
490 1530 634 1588 aeourate
663 1525 867 1587 consentiunt
890 1543 963 1586 eum
986 1525 1035 1605 iis,
1059 1543 1140 1606 quae
1164 1523 1278 1588 Caesar
1301 1526 1426 1608 scripsit
1449 1545 1514 1608 oap.

396 1650 525 1712 13-15
557 1655 587 1712 et
617 1650 758 1730 21-24,
788 1653 825 1711 ut
855 1668 920 1712 non
951 1668 1048 1712 ovum
1072 1669 1131 1712 ovo
1155 1650 1291 1713 similius
1315 1670 1384 1714 esse
1406 1653 1514 1734 possit,

394 1775 421 1837 si
451 1774 545 1836 modo
576 1773 637 1836 hoo
660 1794 762 1836 unum
786 1773 1075 1836 animadvertamus
1097 1772 1233 1837 Dionem
1256 1774 1404 1838 breviter·
1417 1777 1514 1858 serip-

393 1900 472 1962 sisse
503 1898 541 1962 de
563 1898 685 1979 iisdem,
708 1899 746 1961 de
770 1898 887 1981 quibus
912 1896 1026 1962 Caesar
1048 1899 1174 1981 plenius
1198 1904 1229 1962 et
1250 1899 1377 1983 longius
1400 1906 1512 1983 egerat.

393 2022 454 2086 Dio
486 2024 580 2086 tradit
610 2023 774 2087 Helvetios
804 2025 968 2107 repentino
1001 2026 1069 2106 ejus
1098 2024 1237 2088 adventu
1259 2030 1419 2109 tantopere
1443 2045 1513 2090 esse

392 2149 582 2231 perterritos,
606 2153 643 2212 ut
664 2149 783 2232 legatos
808 2149 846 2212 de
864 2168 975 2232 paoere
995 2150 1155 2212 mitterent
1174 2150 1212 2230 1),
1231 2151 1286 2214 sed
1297 2152 1337 2214 iis
1350 2171 1423 2214 eum
1438 2151 1512 2214 Cae·

392 2292 461 2336 sare
484 2292 549 2336 non
573 2274 769 2355 convenisse,
793 2274 878 2356 quod
902 2293 935 2338 se
954 2275 1124 2357 indignum
1147 2276 1366 2340 existimarent
1386 2277 1511 2342 obsides

312 2437 315 2446 ·
392 2397 466 2460 dare
497 2399 536 2479 2).
567 2395 690 2462 Deinde
719 2398 847 2481 longius
877 2400 1036 2482 progressi
1065 2401 1244 2481 equitatum
1277 2399 1426 2482 Caesarie,
1456 2403 1512 2484 qui

390 2524 510 2606 pedites
541 2523 668 2606 longius
699 2529 915 2607 praecurrerat
946 2529 976 2586 et
1006 2528 1129 2606 praeter
1159 2543 1269 2586 eorum
1300 2527 1511 2590 novissimum

390 2668 505 2732 agmen
526 2654 693 2731 provectus
717 2653 783 2711 erat
806 2668 865 2711 suo
889 2649 1033 2731 equitatu
1055 2649 1202 2712 vicerunt
1226 2651 1264 2730 3).
1288 2649 1358 2725 Qua
1380 2653 1512 2715 viatoria

390 2771 507 2835 sublati
537 2772 568 2852 4)
600 2778 631 2835 et
659 2771 824 2836 Caesarem
853 2772 963 2856 fugere
994 2778 1151 2857 putantes,
1183 2775 1269 2857 quod
1303 2777 1411 2860 inopia
1444 2777 1510 2841 fru-

389 2899 488 2960 menti
512 2898 551 2961 ad
572 2898 686 2962 urbem
709 2898 748 2961 ab
771 2899 885 2963 itinere
907 2904 1060 2963 remotam
1084 2920 1117 2964 se
1140 2902 1324 2983 contulerat,
1347 2923 1423 2967 eum
1440 2924 1510 2988 per-

389 3023 490 3086 secuti
514 3027 589 3086 sunt
614 3024 651 3103 5).
677 3020 765 3096 Quae
789 3024 903 3104 omnia,
926 3028 963 3086 ut
985 3025 1020 3086 in
1042 3025 1126 3088 notis
1145 3026 1292 3108 indicavi,
1312 3029 1406 3092 etiam
1425 3029 1508 3112 apud

389 3146 554 3210 Caesarem
583 3148 801 3210 inveniuntur.
831 3147 938 3210 Unam
968 3168 1035 3212 rem
1059 3151 1192 3233 excipio,
1216 3171 1313 3234 quam
1337 3150 1398 3216 Dio
1422 3173 1509 3218 more

388 3271 479 3334 solito
501 3271 629 3352 addidit,
654 3272 739 3354 quod
764 3270 878 3335 Caesar
901 3274 929 3336 ei
948 3274 1039 3337 visus
1059 3279 1107 3338 est
1125 3295 1191 3338 non
1209 3282 1256 3340 sat
1268 3275 1427 3342 rationum
1439 3281 1509 3344 red·

387 3397 460 3460 dere
482 3417 591 3460 rerum
610 3417 628 3460 a
649 3417 682 3461 se
700 3404 870 3481 gestarum.
887 3397 1003 3461 Narrat
1021 3398 1184 3464 Helvetios
1205 3401 1370 3466 Caesarem
1383 3410 1508 3468 secutos

386 3541 456 3586 esse
489 3543 591 3605 quum
626 3527 753 3606 propter
786 3525 926 3608 inopiam
956 3525 1108 3590 frumenti
1137 3529 1198 3592 iter
1227 3534 1381 3593 averterat
1412 3536 1443 3593 et
1474 3551 1507 3595 se

387 3647 534 3712 Bibracte
569 3648 721 3731 oppidum
752 3649 941 3714 Aeduorum
974 3653 1158 3716 contulerat.
1193 3652 1257 3717 ἰδὼν
1292 3647 1338 3716 οὖν
1375 3656 1460 3716 τοῦτο
1493 3655 1506 3717 ὂ

386 3824 532 3834 —.—

421 3901 884 3980 nmemnnorma

419 4006 445 4070 2)
466 4005 534 4056 (lues.
552 4006 581 4056 de
600 4008 628 4057 B.
646 4008 675 4057 G.
694 4009 714 4058 I.
733 4009 773 4058 14.
791 4009 815 4060 7.

418 4095 443 4162 3)
461 4095 528 4146 Caes.
548 4096 576 4146 de
595 4099 624 4148 B.
642 4099 673 4148 G.
690 4099 711 4150 l.
731 4101 771 4150 15.
789 4101 812 4150 2.

416 4186 729 4253 emensus

418 4277 730 4344 emendus
