3424 5188
605 1778 775 1843 CAPUT
808 1777 1049 1844 TERTIUM.

728 2105 922 2114 -—.--—-..

311 2355 384 2419 Jam
410 2359 515 2420 statim
543 2377 584 2421 ex
606 2359 655 2438 ,iis
676 2376 758 2440 quae
779 2359 813 2421 in
835 2359 940 2440 priore
959 2357 1060 2439 capite
1079 2356 1156 2437 dixi,
1176 2360 1303 2438 apparet
1314 2354 1390 2418 Dio-
1480 2347 1483 2351 ’

266 2500 340 2544 nem
371 2501 436 2544 non
461 2501 531 2546 esse
554 2502 688 2566 magnae
711 2483 906 2548 auctoritatis
928 2483 1123 2546 historicum.
1145 2480 1281 2544 Nullum
1304 2482 1389 2544 enim

264 2604 329 2668 fere
357 2611 452 2689 eaput
474 2607 667 2688 invenimus
690 2607 725 2669 in
750 2626 814 2689 quo
836 2627 901 2670 non
924 2626 1027 2670 unum
1051 2610 1107 2669 aut
1130 2607 1224 2669 etiam
1248 2605 1390 2689 complu-

271 2749 322 2794 res
353 2749 474 2794 errores
505 2732 672 2813 commisit,
703 2751 842 2814 quorum
874 2737 1012 2814 quatuor
1034 2733 1163 2794 omnine
1187 2749 1301 2794 causae
1321 2749 1390 2794 esse

263 2855 421 2936 ridentur,
445 2854 483 2918 de
506 2855 624 2938 quibus
645 2855 782 2920 breviter
805 2856 915 2920 dicam.

311 2981 350 3044 1⁰.
382 2980 636 3044 Innumerabiles
659 3000 780 3045 errores
805 2981 1004 3066 neglegentia
1026 2983 1194 3063 commisit,
1217 2981 1302 3064 quod
1323 3000 1388 3044 me·

263 3106 365 3168 moria
390 3105 531 3169 confisus
555 3125 592 3170 ea
613 3108 648 3168 in
666 3107 815 3170 historias
833 3106 963 3188 rettulit,
984 3125 1066 3189 quae
1081 3106 1284 3190 neglegenter
1296 3126 1388 3190 saepe

262 3229 388 3313 legerat,
420 3232 458 3294 da
491 3251 555 3314 qna
584 3250 618 3295 re
646 3233 712 3314 jam
744 3233 870 3315 saepius
901 3232 930 3312 1)
963 3232 1032 3294 dixi
1054 3237 1085 3296 et
1108 3252 1234 3316 operam
1259 3232 1331 3296 dedi
1353 3235 1388 3295 in

261 3356 531 3438 praecedentibus,
556 3361 592 3420 ut
615 3363 777 3440 appareret
800 3377 863 3440 quo
887 3357 981 3421 modo
1005 3359 1161 3441 ejusmodi
1185 3377 1306 3422 errores
1324 3360 1409 3422 sint.

263 3482 331 3562 orti²
355 3482 440 3564 quod
463 3483 660 3566 plerumque,
685 3484 712 3547 si
736 3485 808 3567 quis
828 3483 970 3548 Caesaris
990 3486 1232 3548 commentarios
1251 3483 1387 3567 adhibet,

263 3607 368 3670 statim
405 3612 540 3690 apparet,
578 3607 678 3691 Cujus
707 3610 762 3690 rei,
795 3611 822 3672 si
855 3611 928 3692 quis
956 3611 1050 3673 etiam
1073 3629 1162 3672 nune
1184 3609 1307 3673 dubitat
1328 3611 1389 3673 hoe

262 3751 331 3796 esse
361 3751 484 3816 verum,
513 3734 714 3798 luculentum
737 3736 921 3819 exemplum
945 3736 1080 3800 afferam.
1104 3734 1153 3800 De
1173 3736 1292 3818 judicie
1317 3734 1387 3799 Olo-

262 3857 365 3938 dian0,
389 3857 476 3940 qued
500 3878 583 3922 anno
609 3859 648 3921 61
675 3880 700 3923 a.
727 3859 796 3923 Chr.
820 3881 850 3924 n.
875 3860 993 3924 factum
1018 3867 1066 3925 est
1088 3859 1150 3924 Dio
1175 3862 1205 3942 2)
1227 3863 1272 3924 ita
1294 3861 1385 3924 dicit:

261 3981 312 4047 καὶ
348 3983 529 4064 κατηγορήθη
555 3985 609 4062 μὲν
634 3985 785 4068 (Clodius)
809 3992 862 4059 τῆς
885 4011 919 4050 τε
941 3986 1088 4066 μοιχείαις,
1114 3990 1215 4067 καίπερ
1238 3991 1289 4052 τοῦ
1314 3986 1386 4050 Kal-

260 4149 405 4160 ——-—..

294 4245 320 4308 1)
340 4245 398 4308 rag.
418 4244 458 4304 rr,
478 4245 517 4304 re,
535 4245 567 4293 a.

295 4334 617 4397 aasmmnm
