3424 5188
893 583 932 643 76

360 789 500 852 maniam
521 788 635 852 fecisse
658 794 688 852 et
711 789 839 852 tandem
862 791 895 852 in
921 789 1055 854 Galliam
1077 810 1242 855 reversum
1264 789 1388 854 bellum
1412 809 1481 854 sus·

360 915 481 996 cepisse
504 933 579 977 oum
601 913 816 978 Eburonibus.
842 913 956 979 Caesar
978 919 1009 979 et
1030 914 1141 980 Livius
1164 920 1271 979 autem
1294 914 1386 978 ambo
1410 934 1481 977 nar-

359 1044 431 1103 rant
452 1059 528 1103 sum
549 1041 690 1123 primum
712 1041 864 1103 transisse
884 1039 1034 1104 Rhenum
1058 1045 1088 1104 et
1107 1044 1185 1103 tunc
1205 1039 1325 1103 bellum
1343 1041 1481 1123 gessisse

360 1182 434 1226 oum
463 1163 648 1247 Ambiorige
671 1169 702 1228 et
724 1162 931 1228 Eburonibus
957 1165 995 1246 1).
1017 1164 1141 1228 Tertius
1164 1165 1254 1229 locus
1275 1164 1393 1247 legitur
1412 1162 1480 1226 Lib.

361 1286 451 1351 GVH
483 1289 518 1350 in
547 1288 628 1352 fine:
667 1293 854 1372 „praeterea
876 1308 927 1353 res
948 1295 1054 1373 gestas
1074 1310 1093 1354 a
1116 1289 1148 1352 0.
1172 1289 1305 1354 Caesare
1328 1290 1481 1354 adversus

361 1413 477 1496 Gallos,
509 1416 565 1497 qui
587 1433 685 1499 prope
707 1415 850 1478 universi
872 1413 1131 1498 Vercingetorige
1154 1415 1299 1479 Arverno
1323 1415 1404 1478 duce
1428 1415 1482 1478 de-

360 1537 504 1604 fecerunt
542 1543 573 1602 et
605 1538 777 1603 laboriosas
812 1538 992 1603 obsidiones
1027 1538 1155 1602 urbium
1189 1543 1337 1620 continet
1370 1540 1483 1604 inter

362 1684 464 1748 quas
486 1665 617 1728 Avarici
638 1664 821 1750 Biturigum
844 1671 875 1729 et
895 1666 1023 1730 Alesiae
1045 1665 1295 1747 Arvemorum,”
1315 1665 1401 1729 undo
1419 1666 1482 1728 ool-

361 1789 417 1873 ligi
450 1795 554 1872 potest
585 1788 713 1854 Livium
744 1809 809 1854 non
841 1791 1112 1874 quemadmodum
1134 1789 1270 1855 Dionem
1294 1793 1324 1873 2)
1346 1796 1483 1875 praeter·

362 1917 488 1980 misisse
530 1919 782 2000 expugnationes
825 1917 954 1981 urbium
992 1917 1249 1999 Vellaumoduni‚
1283 1917 1419 1982 annabi
1452 1923 1483 1982 et

363 2042 548 2106 Novioduni
572 2044 610 2123 3).

412 2166 483 2242 Quo
505 2167 601 2231 modo
624 2169 721 2251 igitur
744 2167 899 2232 Grasshof
915 2169 1021 2233 dicere
1043 2171 1143 2252 possit
1153 2169 1317 2252 periochas
1328 2167 1482 2232 librorum

366 2292 539 2354 los-108
563 2292 714 2356 brevibus
737 2292 843 2356 verbis
866 2293 943 2356 haec
965 2293 1048 2357 bella
1071 2295 1115 2356 ita
1135 2312 1272 2375 narrare,
1292 2297 1329 2356 ut
1351 2291 1484 2356 aDione

362 2419 490 2501 longius
524 2423 702 2499 narrantur,
736 2437 802 2482 non
834 2419 984 2502 intelligo.
1019 2419 1121 2482 Multo
1152 2420 1254 2502 magis
1275 2418 1386 2482 Livius
1409 2437 1483 2481 oum

365 2541 496 2606 Caesare
531 2562 627 2625 quam
662 2562 736 2606 oum
771 2541 875 2607 Dione
908 2545 1065 2607 consentit
1095 2548 1126 2607 et
1157 2543 1296 2627 profecto
1329 2563 1394 2607 non
1418 2549 1482 2607 tam

287 2673 292 2682 '
362 2667 481 2730 multos
505 2686 610 2750 neque
632 2673 696 2731 tam
720 2667 834 2732 stultos
859 2687 980 2732 errores
1004 2669 1179 2730 committit.
1200 2667 1262 2732 Sed
1281 2667 1321 2732 ad
1341 2687 1482 2732 errorum

364 2811 477 2856 causas
500 2792 601 2856 redeo.

410 2917 451 2979 3⁰.
485 2917 589 2981 Tertia
621 2936 725 2981 causa.
760 2937 842 3000 quae
876 2937 940 2980 non
971 2937 1089 3000 paucos
1113 2937 1233 2982 errores
1255 2919 1384 3001 peperit
1406 2918 1485 2980 haec

365 3047 420 3123 est,
455 3042 541 3124 quod
575 3040 636 3105 Dio
668 3044 812 3105 omnium
845 3061 953 3105 rerum
983 3043 1121 3106 rationes
1154 3043 1285 3106 reddere
1319 3043 1424 3107 studet
1454 3048 1485 3106 et

366 3184 458 3248 saepe
491 3171 555 3229 tam
587 3167 709 3250 ineptas
744 3165 870 3250 profert,
904 3172 940 3230 ut
966 3167 1067 3230 risum
1099 3170 1205 3230 tenere
1235 3167 1292 3228 vix
1314 3167 1483 3249 possimus.

365 3289 424 3354 Rei
458 3291 603 3354 militaris
633 3291 800 3375 imperitus
825 3310 918 3374 saepe
941 3311 1005 3356 non
1029 3292 1192 3376 intelligit3
1218 3305 1316 3375 quare
1340 3311 1486 3374 quaeque

366 3414 448 3477 facta
480 3415 551 3478 sind
575 3420 607 3478 et
628 3417 812 3498 saepissime
837 3417 942 3478 timori
964 3417 1109 3500 imputat,
1134 3436 1216 3499 quae
1237 3416 1405 3500 prudentia
1427 3417 1486 3479 im-

277 3607 284 3618 ,
365 3541 517 3622 peratoris
551 3539 632 3603 facta
655 3545 731 3604 sunt
753 3543 793 3621 4).
817 3541 1011 3624 Ubicunque
1034 3562 1052 3604 a
1076 3540 1208 3606 Caesare
1230 3561 1327 3606 causa
1349 3543 1485 3625 alicujus

364 3666 420 3745 rei,
455 3685 552 3748 quam
585 3670 640 3729 aut
672 3667 740 3749 ipse
770 3665 844 3730 fecit
874 3671 929 3729 aut
962 3666 1043 3729 Gadli
1072 3666 1224 3748 fecerunt,
1253 3687 1319 3731 non
1341 3668 1485 3747 traditur,

367 3878 511 3888 ——-

400 4033 424 4096 1)
441 4030 496 4080 Vid.
514 4031 587 4095 hujus
604 4031 661 4080 diss.
679 4047 733 4096 pag.
753 4032 784 4081 58
802 4047 851 4096 sqq.

399 4123 428 4188 2)
445 4124 475 4172 D.
494 4123 521 4173 0.
539 4124 589 4173 XL.
607 4124 647 4172 ³4.

400 4214 424 4278 3)
441 4212 509 4262 Caes.
527 4213 556 4262 dc
575 4215 602 4262 B.
621 4213 650 4262 G.
670 4212 725 4262 Vll.
744 4213 850 4263 11-31.

401 4309 426 4368 4)
443 4305 498 4354 Vid.
516 4305 589 4368 hujus
606 4305 663 4354 diss.
681 4321 735 4369 pag.
754 4305 794 4363 20,
813 4306 853 4362 32,
873 4307 912 4363 59,
930 4305 960 4353 si.
