3424 5188
776 601 812 682 'a

239 834 410 897 meditante
436 834 473 913 1).
505 833 588 895 llieri
618 835 703 894 enirn
733 837 844 916 potest,
875 837 910 895 nt
935 853 1034 914 quum
1057 852 1113 914 per
1136 852 1198 914 eos,
1223 835 1277 916 qui
1299 832 1361 896 Ro-

240 977 310 1022 mae
342 957 483 1021 Caesaris
514 956 653 1021 absentis
682 947 809 1040 negotia
830 960 1044 1040 procurarent,
1067 958 1102 1018 in
1125 958 1194 1038 ejus
1217 958 1362 1020 not'tiam

240 1085 436 1166 pervenisset
477 1088 508 1146 et
549 1082 587 1146 ab
628 1102 666 1146 eo
703 1083 1020 1163 ,vetustissimorum
1054 1060 1260 1145 familiarium
1294 1082 1363 1144 loco

75 1245 77 1250 -
129 1267 133 1275 ,
176 1265 178 1268 .
241 1206 368 1270 habitus
390 1207 503 1290 esset'’,
527 1228 593 1272 una
613 1227 686 1271 cum
712 1207 858 1289 Curione,
880 1209 1031 1289 Autome,
1055 1205 1229 1290 Cassioque
1249 1207 1362 1270 ctaliis

242 1331 437 1398 Caesarianis
472 1332 656 1398 Ravennam
693 1353 727 1398 se
762 1334 938 1414 contulerit,
974 1353 1075 1416 quum
1108 1352 1174 1396 rem
1211 1332 1251 1395 ad
1278 1352 1365 1396 arma

243 1458 416 1522 deductum
433 1460 473 1520 iri
488 1460 556 1540 jam
568 1460 652 1532 ⁴satis
671 1458 862 1543 appareret.'’
883 1457 1007 1533 Quibus
1029 1459 1233 1542 argumentis,
1254 1477 1364 1541 quam·

245 1594 352 1666 quam·
376 1583 455 1646 mihi
488 1585 564 1650 satis
597 1583 689 1648 firma
719 1585 869 1647 videntur
898 1603 1000 1667 pauca
1028 1583 1149 1646 addam.
1172 1583 1212 1645 In
1235 1582 1366 1666 epistola

243 1709 298 1773 illa
329 1729 425 1794 supra
454 1710 582 1774 laudata
609 1710 711 1774 Pollio
733 1712 777 1773 ita
800 1709 923 1774 scribit:
953 1707 1145 1790 ,Caesarem
1168 1727 1253 1791 vcro,
1277 1708 1364 1791 quod

244 1855 295 1900 me
325 1837 360 1900 in
389 1841 476 1899 tanta
501 1835 629 1900 fortuna
657 1837 750 1900 modo
774 1837 938 1920 cognitum
961 1835 1252 1898 vetustissimorum
1276 1832 1366 1895 fami-

155 1929 199 2028 ι·,
245 1961 372 2024 liarinm
403 1960 472 2028 loco
494 1960 614 2042 habuit,
638 1961 734 2024 dilexi
759 1980 886 2023 summa
908 1981 982 2024 oum
1004 1961 1119 2042 pietate
1143 1964 1174 2022 et
1196 1957 1288 2038 fide,'’
1313 1956 1368 2020 ubi

246 2083 341 2148 verba
366 2065 427 2165 „in
451 2090 538 2148 tanta
560 2084 708 2149 fortuna'’
731 2085 869 2168 profecto
892 2084 1097 2168 intelligenda
1117 2089 1193 2148 sunt
1213 2084 1252 2147 de
1272 2083 1368 2146 dicta-

148 2225 152 2232 '
245 2216 318 2274 tura
349 2209 500 2293 Caesaris,
530 2231 596 2275 non
628 2211 666 2274 de
697 2211 839 2293 ejusdem
869 2211 1095 2294 proconsulatu
1118 2212 1153 2272 in
1176 2207 1286 2272 Gallia.
1311 2208 1367 2271 Sin

248 2341 355 2408 autem
377 2339 411 2401 in
435 2338 590 2401 dictatura
612 2337 732 2417 ,modo
754 2336 922 2421 cognitus'’
945 2336 1070 2400 Caesari
1088 2336 1263 2418 erat,nullo
1276 2335 1369 2399 modo

247 2461 316 2553 fieri
338 2468 441 2546 potest
464 2482 538 2527 eum
560 2463 717 2546 stipendia
737 2465 772 2524 in
796 2462 897 2526 Callia
920 2465 1089 2526 meruisse.

293 2587 354 2651 Sed
377 2589 472 2652 ctiam
495 2607 545 2652 res
568 2589 749 2672 gravissimi
769 2589 922 2681 momenti
942 2585 1104 2651 accedunt.
1122 2588 1256 2651 Asinius
1269 2587 1368 2650 Pollio

248 2717 343 2777 natus
367 2717 415 2776 est
437 2732 519 2777 anno
545 2713 584 2778 76
605 2734 631 2777 a.
656 2713 726 2776 Chr.
751 2734 780 2776 n.
807 2715 846 2795 2),
871 2710 1130 2797 quandoquidem
1153 2733 1235 2776 anno
1260 2714 1354 2776 aetati
1424 2775 1427 2784 Δ

250 2837 346 2901 altero
377 2843 407 2901 et
437 2839 587 2902 vicesimo
611 2841 771 2903 accusavit
794 2838 826 2901 C.
850 2838 1002 2902 Catonem
1027 2839 1057 2919 3)
1081 2837 1248 2901 tribunum
1268 2837 1370 2921 plebis

251 2965 327 3025 anni
355 2963 395 3024 56
428 2983 453 3026 a.
486 2962 556 3026 Chr.
586 2984 626 3045 n,
657 2966 713 3047 qui
744 2984 827 3028 anno
853 2964 895 3025 54
918 2983 1046 3026 causam
1071 2962 1156 3026 dixit
1179 2961 1368 3046 exlegibus

250 3089 349 3153 Junia
370 3089 492 3153 Licinia
514 3094 545 3153 et
567 3089 665 3172 Fufia,
689 3091 745 3154 sed
770 3095 868 3170 „ante
894 3089 977 3152 diem
996 3088 1046 3151 III
1066 3087 1175 3152 Nonas
1197 3087 1372 3163 Quinctiles

252 3215 417 3282 absolutus
447 3215 514 3280 est”
538 3218 578 3298 4).
611 3215 703 3291 Quod
734 3237 835 3300 quum
866 3220 988 3279 constet
1018 3215 1162 3278 nondum
1184 3220 1282 3278 natus
1306 3219 1372 3278 erat

252 3360 353 3404 annos
384 3341 493 3405 decem
522 3347 553 3405 ct
581 3347 659 3425 octo,
682 3362 784 3425 quum
809 3341 923 3406 Caesar
943 3342 978 3404 in
1001 3339 1136 3405 Galliam
1159 3341 1372 3425 proficiscere-

252 3471 314 3548 tur,
348 3485 444 3549 quem
479 3467 505 3530 si
540 3467 708 3531 comitatus
739 3473 822 3532 esset
851 3467 990 3551 profecto
1021 3468 1060 3531 de
1091 3469 1280 3550 semetipso
1304 3486 1370 3529 non

253 3592 408 3675 potuisset
436 3591 632 3674 praedicare:
669 3598 809 3673 „natura
830 3612 901 3656 mea
925 3598 956 3656 et
978 3593 1083 3656 studia
1105 3593 1236 3656 trahunt
1258 3611 1310 3654 me
1333 3590 1373 3654 ad

253 3718 340 3800 pacis
371 3722 401 3780 et
430 3716 582 3781 libertatis
605 3717 830 3801 cupiditatem‘’
855 3720 884 3798 5)
908 3724 939 3781 et
962 3719 1046 3802 apud
1068 3724 1211 3801 posteros
1235 3738 1302 3780 non
1328 3719 1376 3778 in-

259 3886 404 3895 ..-

292 3991 315 4052 1)
333 3989 399 4040 Plnt.
418 3989 485 4038 Caes.
505 3990 546 4038 32.

291 4081 315 4142 2)
333 4081 475 4130 'l'horbeckc
492 4080 520 4128 dc
538 4079 565 4129 Ο.
584 4081 670 4128 Asinio
688 4079 801 4128 Pollione
819 4080 846 4129 L.
867 4081 893 4129 B.
913 4081 985 4128 1820.
1006 4099 1033 4146 p.
1050 4083 1072 4129 3.

292 4173 317 4238 3)
334 4173 399 4222 Diul.
417 4172 446 4220 dc
465 4171 561 4221 Orator.
580 4188 631 4235 cap.
652 4175 694 4220 34.

292 4267 317 4320 a
337 4263 387 4314 Cic.
405 4263 435 4311 ud
453 4266 504 4312 Att.
522 4263 564 4312 IV,
587 4264 628 4311 15.
647 4267 670 4311 4.

294 4357 320 4418 5)
338 4353 388 4404 Cic.
408 4354 438 4402 ad
456 4355 512 4402 sam.
532 4353 560 4401 X.
580 4355 622 4402 31.
643 4355 668 4402 2.
