3424 5188
880 571 921 633 50

341 780 415 844 barn
446 778 559 842 Dionis
589 780 811 860 narrationem,
836 783 873 842 ut
896 784 1043 862 appareat
1067 779 1116 859 (de
1141 799 1204 862 qua
1226 798 1260 842 re
1278 780 1346 861 jam
1369 797 1465 862 supra

343 906 420 986 dini)
453 925 516 987 quo
547 905 641 966 modo
672 905 707 967 in
740 904 897 986 ejusmodi
925 904 1023 968 rebus
1045 906 1209 968 veritatem
1233 923 1344 968 ornare
1367 904 1463 968 solet:

346 1079 360 1111 ,‚
373 1030 511 1094 Sabinus
546 1049 626 1112 quos
659 1031 692 1091 in
725 1031 902 1112 praesentia
932 1029 1077 1093 tribunos
1108 1030 1245 1093 militum
1278 1031 1399 1093 circum
1431 1047 1465 1092 se

342 1157 476 1220 habebat
499 1162 530 1220 et
551 1158 726 1239 primorum
753 1155 900 1218 ordinum
925 1157 1127 1218 centuriones
1151 1175 1185 1219 se
1207 1156 1299 1238 sequi
1315 1154 1407 1237 jubet
1425 1158 1464 1236 et,
1554 1180 1557 1185 ·

342 1303 416 1346 cum
447 1283 577 1367 propius
608 1281 825 1364 Ambiorigem
858 1282 1050 1362 accessisset,
1078 1282 1191 1363 jussus
1221 1301 1309 1344 arma
1331 1280 1465 1362 abjicere

342 1408 532 1490 imperatum
561 1406 635 1469 facit
666 1407 807 1489 suisque,
838 1411 875 1469 ut
904 1407 989 1470 idem
1011 1406 1135 1488 faciant,
1157 1408 1298 1490 imperat.
1322 1406 1464 1489 Interim,

344 1534 421 1596 dnm
445 1533 483 1596 de
507 1531 747 1595 condicionibus
770 1532 853 1594 inter
876 1551 909 1596 se
933 1536 1041 1614 agunt,
1059 1531 1247 1614 longiorque
1267 1531 1412 1594 consulto
1425 1530 1463 1594 ab

343 1658 529 1741 Ambiorige
551 1658 730 1720 instituitur
753 1677 865 1738 sermo,
885 1657 1037 1740 paulatim
1058 1657 1295 1720 circumventus
1315 1655 1463 1720 interfici·

344 1781 426 1845 tur.”
446 1782 488 1844 nt
508 1783 592 1864 apud
611 1781 764 1844 Dionem:
785 1779 836 1843 nal
848 1781 897 1844 τὸν
910 1779 1037 1857 Σνβῖννν
1050 1780 1064 1843 ὃ
1075 1776 1234 1860 Ἀμβνόρνξ
1246 1779 1464 1860 μετεπέμψατο

345 1906 400 1983 μὲν
433 1909 469 1978 ὡς
493 1905 544 1970 cxl
570 1906 677 1978 σώσων,
702 1905 846 1987 οὔτεγὰρ
870 1913 936 1978 τοῖς1
954 1903 1135 1983 νννννμένως
1160 1913 1262 1987 παρῆν,
1286 1904 1338 1970 κων
1362 1907 1465 1977 πιστὸς

344 2033 423 2112 αὐτῷ
456 2030 508 2096 καὶ
540 2031 607 2094 τότε
636 2030 723 2095 ἐδόκει
752 2025 830 2102 rival,
856 2030 1016 2108 συλλαβὼν
1040 2031 1072 2094 δὲ
1095 2030 1140 2104 δή,
1165 2029 1217 2096 acl
1240 2031 1393 2104 ἀνωδύνως
1416 2031 1465 2095 καὶ

345 2156 385 2219 rol
408 2153 487 2219 ὄντων
510 2153 561 2220 κων
585 2154 652 2228 τὴν
675 2156 835 2230 ἐσθῆτα,
859 2158 1073 2230 κωτήκνντνσεν,
1094 2155 1237 2234 ἐπιλέγων
1258 2155 1341 2221 ἄλλον
1361 2181 1394 2221 τε
1412 2155 1464 2220 καὶ

345 2279 387 2344 ὅτι
409 2282 551 2345 τοιοίδε
574 2280 707 2358 μέντοι
730 2279 838 2353 ὄντες
861 2285 937 2354 πῶς
960 2279 1201 2354 τηλικούτων
1223 2283 1327 2359 ἡμῶν
1347 2281 1465 2346 ὄντων

345 2407 387 2486 dp
396 2429 485 2485 χειν
508 2406 681 2482 ἕνέλετε;
703 2407 780 2471 Tam
801 2409 1006 2491 perspicuum
1030 2414 1079 2472 est
1100 2409 1213 2472 ultima
1235 2407 1376 2473 aDione
1398 2427 1466 2472 ora-

348 2534 443 2596 tionis
467 2533 626 2596 ornandae
650 2553 747 2597 causa
766 2553 835 2597 esse
854 2532 935 2614 ficta,
954 2539 1042 2598 utne
1054 2533 1190 2598 verbum
1203 2535 1331 2617 quidem
1343 2534 1466 2615 addam,

346 2659 402 2721 sed
433 2663 591 2722 transeam
622 2659 660 2721 ad
693 2659 879 2722 seditionem
902 2659 937 2720 in
959 2659 1083 2742 reliqua
1107 2657 1216 2740 Gallia,
1241 2659 1279 2722 ad
1304 2677 1466 2742 oppugna-

346 2786 463 2848 tionem
506 2789 682 2847 castrorum
724 2783 893 2866 Ciceronis,
936 2803 1017 2867 quae
1059 2805 1078 2847 a
1109 2783 1237 2848 Nerviis
1270 2784 1466 2868 reliquisque

348 2909 466 2972 Galliae
497 2908 678 2972 civitatibus
707 2929 807 2992 paene
829 2914 919 2992 capta
942 2914 1025 2972 sunt.
1051 2907 1138 2985 Quae
1161 2907 1222 2972 Dio
1246 2910 1321 2992 (cap.
1348 2909 1466 2990 7-10)

347 3036 385 3098 de
415 3037 474 3098 hac
505 3037 740 3118 oppugnatione
767 3041 882 3115 narrat,
913 3037 1023 3118 paucis
1047 3035 1186 3118 exceptis
1210 3039 1275 3097 tam
1299 3039 1369 3117 apte
1393 3054 1467 3097 oum

347 3158 478 3222 Caesare
516 3161 728 3240 consentiunt,
773 3164 808 3223 ut
847 3179 960 3224 rursus
1003 3160 1068 3224 sint
1110 3165 1296 3243 argumento
1331 3157 1466 3222 Dionem

347 3286 580 3348 commentariis
610 3287 688 3367 ipsis
712 3305 780 3348 esse
804 3306 910 3349 usum.
935 3284 1020 3348 Dicit
1042 3285 1215 3349 nonnullos
1238 3285 1354 3348 milites
1375 3287 1467 3349 vivos

346 3433 364 3473 a
386 3410 512 3475 Nerviis
536 3431 604 3475 esse
627 3416 743 3494 captos,
766 3413 934 3513 primoque
958 3411 1008 3474 die
1031 3381 1131 3493 paene
1155 3429 1255 3493 aequo
1278 3409 1379 3473 Marte
1398 3427 1468 3487 esse

346 3540 524 3618 pugnatum
554 3536 573 3597 i.
606 3555 631 3598 e.
667 3536 935 3618 oppugnationem
971 3553 1063 3618 aegre
1094 3553 1164 3598 esse
1195 3539 1404 3598 sustentatam
1428 3534 1467 3614 1).

345 3660 468 3724 Deinde
489 3661 599 3726 Nervii
620 3661 804 3726 Ciceronem
821 3662 855 3725 in
875 3661 1020 3725 fraudem
1041 3661 1196 3725 adducere
1215 3662 1320 3724 conati
1339 3666 1415 3725 sunt
1427 3663 1467 3744 2),

347 3787 402 3849 sed
431 3787 490 3849 hac
521 3806 575 3870 spe
607 3787 732 3870 depulsi
763 3787 802 3849 ad
826 3785 1023 3850 obsidionem
1048 3805 1081 3849 se
1104 3790 1296 3850 convertunt
1320 3785 1467 3869 valloque

346 3915 378 3974 et
399 3910 484 3973 fossa
505 3911 638 3974 hiberna
660 3912 803 3994 cingunt,
826 3911 913 3994 quod
935 3913 1136 3994 superiorum
1158 3930 1315 3975 annorum
1334 3930 1468 3976 consue-

349 4101 495 4110 ———-

1370 4197 1384 4224 Ι

384 4215 662 4278 umanum

384 4306 665 4368 amanum
