3424 5188
530 1828 535 1836 ’
589 1869 776 1966 cneus
811 1868 1028 1932 Parnon.

723 2181 918 2190 m...-

298 2419 336 2482 In
371 2421 570 2503 scriptorum,
604 2421 660 2502 qui
692 2419 730 2483 de
761 2419 892 2483 historia
922 2418 1066 2483 Romana
1096 2421 1291 2504 scripserunt
1319 2418 1382 2483 fide

254 2544 457 2627 dijudicanda
490 2546 598 2628 inopia
632 2544 795 2626 librorum,
832 2547 888 2627 qui
922 2544 961 2608 ab
996 2545 1183 2628 aequalibus
1214 2547 1383 2628 conscripti

257 2675 342 2751 suut,
371 2670 599 2752 impedimmto
630 2671 723 2734 nobis
753 2690 822 2734 esse
845 2670 931 2734 solet.
956 2669 1155 2754 Saepissime,
1180 2672 1207 2735 si
1224 2672 1384 2753 Judicium

255 2793 336 2858 ferre
367 2795 406 2858 de
437 2795 543 2877 aliquo
577 2796 727 2879 scriptore
749 2795 910 2877 volumus,
933 2813 1063 2858 necesse
1087 2800 1135 2859 est
1156 2795 1286 2860 alterius
1310 2815 1383 2859 auc·

254 2920 379 2983 toritate
406 2921 476 3001 niti,
499 2921 555 3003 qui
578 2939 644 2983 non
668 2921 771 3003 magis
798 2940 894 3003 quam
916 2921 953 3002 is,
978 2920 1032 3002 qui
1056 2921 1090 2982 in
1110 2919 1267 3002 judicium
1291 2938 1386 2982 voca·

255 3053 316 3128 tur,
348 3048 389 3111 iis
423 3046 528 3129 rebus
560 3047 598 3111 de
630 3046 749 3130 quibus
785 3047 910 3130 scripsit
939 3046 1090 3110 interfuit.
1127 3044 1252 3120 Quibus
1287 3044 1384 3108 rebus

255 3172 422 3255 adductus,
455 3174 490 3235 in
525 3175 710 3256 quaestione
744 3173 941 3237 instituenda
977 3173 1016 3236 de
1046 3171 1160 3235 Dionis
1192 3171 1292 3235 Cassii
1322 3171 1385 3236 fide

256 3317 324 3362 eam
365 3299 568 3381 potissimum
612 3299 761 3363 historiae
803 3297 965 3363 Romanae
1007 3303 1128 3382 partem
1163 3298 1251 3381 elegi,
1286 3317 1383 3380 quarn

255 3424 396 3486 maxime
426 3425 586 3508 cognitam
616 3423 771 3488 habemus
803 3443 844 3488 ex
876 3425 1000 3507 scriptis
1032 3423 1223 3506 aequalium,
1248 3424 1305 3506 qui
1328 3427 1384 3486 aut

255 3550 316 3632 ipsi
347 3548 443 3612 rebus
473 3549 571 3632 gestis
601 3549 815 3614 interfuerunt
846 3555 902 3613 aut
932 3554 1015 3613 certe
1047 3568 1089 3613 ex
1111 3549 1181 3612 aliis
1203 3549 1382 3612 audierunt.

257 3673 337 3737 Eam
367 3679 489 3758 partem
522 3675 600 3757 dico,
632 3675 725 3758 cujus
756 3675 885 3738 initium
908 3679 956 3738 est
979 3675 1154 3756 conjuratio
1179 3673 1330 3738 Catilinae
1353 3678 1384 3738 et

257 3800 308 3862 cui
332 3819 417 3863 mors
434 3799 602 3863 ciceronis
625 3799 722 3864 finem
742 3801 885 3884 imponit.
906 3799 968 3864 Sed
988 3820 1090 3883 quum
1107 3801 1185 3864 haec
1197 3820 1269 3884 pars
1281 3800 1382 3864 multo

258 3927 299 3990 sit
330 3928 431 4009 maj0r
455 3947 550 4010 quam
571 3932 609 3990 ut
630 3928 665 3990 in
688 3927 908 3991 dissertatione
931 3927 1096 4010 complecti
1118 3929 1219 4011 possit
1242 3933 1273 3992 et
1296 3947 1385 4011 prae·

258 4056 343 4115 terea
373 4053 581 4116 animadverti
611 4053 662 4116 vel
693 4054 726 4115 in
758 4053 817 4116 hac
846 4059 935 4136 parte
958 4053 1107 4117 historiae
1129 4052 1291 4118 Romanae
1314 4074 1383 4119 esso

258 4179 424 4261 permulta,
449 4197 530 4262 quae
554 4179 621 4242 sive
643 4177 766 4260 DioniS,
790 4180 857 4242 sive
879 4179 1019 4262 Appiani
1042 4183 1098 4243 aut
1121 4179 1293 4261 Plutarchi,
1317 4181 1384 4245 sivo

259 4303 405 4385 aliorum,
428 4305 486 4386 qui
502 4305 675 4386 posteriore
695 4309 835 4387 tempore
848 4305 1016 4387 scriptores
1029 4306 1190 4386 vixerunt,
1201 4307 1387 4369 auctoritate

1268 4429 1279 4474 1
