3424 5188
336 772 384 836 De
418 773 478 837 hoc
511 793 577 836 uno
607 775 719 838 itinere
749 780 905 838 nocturno
938 774 1052 840 Caesar
1082 778 1277 841 mentionem
1307 777 1397 858 facit3
1422 781 1456 841 in

292 927 296 936 ·
338 901 449 962 ceteris
484 900 754 982 quemadmodum
783 901 818 962 in
847 900 916 963 loco
940 901 1184 983 supralaudato
1208 921 1274 964 non
1297 903 1373 966 dicit
1394 904 1458 967 nisi

338 1024 377 1086 de
409 1023 577 1088 itineribus
607 1024 747 1087 interdiu
777 1023 875 1088 factis.
908 1021 1001 1098 Quod
1022 1022 1083 1087 Dio
1107 1024 1194 1087 addit
1216 1023 1366 1088 barbaros
1389 1031 1458 1088 tan-

338 1150 409 1213 dem
436 1150 555 1213 laetitia
588 1151 621 1212 in
652 1151 763 1213 castris
784 1147 1002 1212 Romanorum
1027 1148 1168 1213 Caesaris
1192 1150 1363 1214 adventum
1388 1171 1458 1216 sus·

337 1275 457 1357 picatos
490 1293 547 1357 per
580 1273 794 1358 exploratores
823 1293 892 1337 rem
923 1275 1111 1358 cognovisse
1144 1274 1276 1338 fortasse
1298 1276 1394 1338 eliam
1417 1295 1457 1340 ex

338 1399 572 1461 commentariis
605 1398 687 1462 male
721 1398 888 1462 intellectis
919 1404 975 1462 aut
1005 1399 1202 1482 negligenter
1231 1399 1320 1463 lectis
1342 1400 1457 1481 hausit,

338 1522 395 1586 ubi
420 1521 534 1586 Caesar
557 1524 586 1605 1)
611 1523 649 1587 de
673 1543 714 1587 ex
734 1543 768 1588 re
787 1525 831 1587 ita
851 1524 942 1588 dicit:
964 1523 1072 1588 Cicero
1091 1524 1259 1608 perlectam
1273 1526 1457 1608 (epistolam)

338 1650 372 1711 in
403 1653 562 1712 conventu
592 1649 730 1712 militum
752 1651 871 1731 recitat,
894 1651 1098 1732 manimaque
1125 1651 1260 1713 omnis
1288 1651 1459 1714 laetitia

338 1772 489 1836 afficit.
524 1773 605 1838 Tum
635 1773 717 1837 fumi
747 1774 968 1838 incendiorum
1003 1775 1114 1858 procul
1145 1747 1343 1858 videbantur,
1378 1796 1460 1860 quae

339 1919 390 1963 res
424 1919 551 1963 omnem
583 1901 810 1965 dubitationem
842 1901 998 1964 adventus
1028 1899 1191 1984 legionum
1223 1903 1353 1985 expulit.
1378 1901 1460 1966 Galli

339 2045 374 2090 re
404 2028 530 2110 cognita
559 2046 630 2110 per
660 2027 958 2109 exploratores
982 2025 1179 2090 obsidionem
1202 2027 1398 2110 relinquunt,
1420 2029 1460 2091 ad

342 2150 507 2214 Caesarem
531 2151 680 2214 omnibus
703 2152 802 2235 copiis
825 2150 1050 2215 contendunt.''

386 2274 474 2350 Quae
508 2277 592 2360 apud
622 2273 762 2339 Dionum
794 2280 973 2359 sequuntur
1003 2275 1041 2338 de
1063 2295 1171 2359 pugna
1192 2278 1270 2359 ipsa,
1293 2277 1332 2340 de
1354 2279 1460 2360 parvis

342 2402 483 2466 Caesaris
511 2403 631 2484 castris,
654 2406 691 2465 ut
714 2401 916 2465 simulatione
939 2402 1062 2464 timoris
1084 2400 1234 2464 barbaros
1257 2402 1297 2464 ad
1319 2422 1459 2486 pugnam

341 2529 465 2594 eliceret
488 2547 618 2610 prorsus
643 2547 717 2590 cum
741 2525 872 2590 Caesare
896 2527 1159 2607 accusantium.

384 2654 423 2717 ln
454 2655 554 2736 capite
587 2654 625 2714 11
657 2650 719 2715 Dio
743 2653 807 2736 egit
830 2652 868 2715 de
890 2651 1009 2735 proelio
1031 2653 1113 2714 inter
1135 2651 1311 2716 Labienum
1335 2658 1366 2717 et
1388 2653 1461 2716 Tre-

340 2798 441 2860 veros,
472 2783 503 2841 et
533 2777 705 2840 admodum
736 2776 874 2839 breviter
904 2776 1014 2840 eadem
1045 2783 1141 2859 atque
1164 2776 1278 2840 Caesar
1301 2779 1331 2858 3)
1355 2784 1462 2842 narrat

340 2908 562 2987 praeterquam
597 2902 683 2984 quod
718 2901 793 2964 dicit
825 2899 977 2964 Treveros
1011 2901 1131 2964 bellum
1162 2908 1270 2966 contra
1300 2901 1461 2968 Romanos

341 3029 529 3111 suscepisse,
553 3047 590 3090 ea
613 3026 651 3090 de
675 3046 780 3089 camsa
804 3025 898 3109 quod,
922 3046 1023 3109 quum
1048 3025 1162 3090 Caesar
1183 3029 1218 3089 in
1241 3032 1385 3091 auctores
1409 3029 1462 3092 de-

340 3152 484 3216 fectionis
520 3153 663 3236 singulos
696 3151 851 3236 supplicia
886 3153 1038 3233 statuerit,
1076 3153 1275 3236 verebantur,
1307 3173 1349 3217 ne
1382 3175 1401 3218 a
1427 3174 1462 3219 se

342 3297 471 3362 quoque
511 3297 631 3360 poenae
669 3279 880 3361 exigerentur.
915 3277 1016 3342 Multo
1051 3278 1140 3342 aliter
1173 3298 1242 3343 sese
1275 3299 1325 3342 res
1359 3280 1460 3344 habet.

340 3401 413 3464 Jam
450 3402 572 3465 dudum
607 3402 733 3467 Treveri
764 3407 795 3466 et
824 3403 1064 3466 Indutiomarus
1087 3403 1125 3467 de
1149 3404 1322 3468 defectione
1346 3407 1462 3489 cogita-

340 3528 417 3593 bant
440 3548 616 3616 eorumque
638 3531 761 3593 nuntiis
784 3531 905 3612 inpulsi
923 3529 1092 3593 Ambiorix
1112 3536 1143 3594 et
1163 3530 1355 3597 Catuvolcus
1374 3533 1463 3598 Ebu-

340 3673 434 3718 rones
457 3655 496 3718 ad
519 3659 621 3722 castra
644 3655 753 3719 Sabini
776 3662 807 3719 et
824 3654 932 3720 Cottae
948 3657 1160 3740 oppugnanda
1177 3659 1410 3722 concitaverant
1422 3661 1462 3741 4).

340 3777 463 3843 Deinde
498 3779 615 3844 Sabino
646 3784 677 3844 et
708 3780 798 3844 Cotta
827 3782 999 3846 interfectis
1032 3801 1105 3845 cum
1130 3782 1279 3874 omnibus
1303 3785 1401 3867 copiis
1423 3784 1462 3847 ad

341 3933 486 3942 ———

376 4023 652 4085 umber&

374 4117 400 4177 2)
419 4115 455 4164 De
480 4117 508 4165 Β.
527 4115 556 4166 G.
575 4113 606 4166 V.
624 4119 732 4166 49-51.

375 4207 400 4266 3)
420 4206 455 4254 De
474 4207 501 4255 B.
520 4207 547 4255 G.
567 4206 594 4256 V.
616 4206 654 4258 57.
675 4209 713 4256 58.

373 4297 650 4357 amusim
