3424 5188
782 450 846 544 ¹39

268 711 341 755 mus
379 692 416 772 1).
447 690 568 753 'Morini
600 695 631 754 et
660 690 799 773 Menapii
833 710 867 754 se
900 711 1023 774 suaque
1054 693 1160 754 omnia
1182 693 1217 753 in
1241 691 1336 754 silvas
1359 696 1390 754 et

264 816 396 900 paludes
420 817 624 880 contulerunt
644 821 674 880 et
694 817 777 897 inde,
797 818 824 879 si
839 814 936 880 Dioni
948 816 1116 898 oredimus,
1135 816 1231 898 plus
1252 817 1389 879 damni

263 941 572 1006 invadentibus
594 940 792 1005 Romanis
815 943 1080 1022 intulerunt,
1100 961 1218 1024 quarn
1237 943 1321 1024 ipsi
1341 940 1388 1004 ab

263 1069 318 1132 iis
342 1071 606 1150 acceperunt.
632 1065 747 1130 Caesar
771 1067 800 1146 1)
824 1071 931 1131 autem
951 1086 1019 1130 rem
1039 1068 1085 1129 ita
1102 1071 1225 1129 narrat:
1246 1067 1298 1129 Ad
1311 1044 1388 1148 qua-

263 1211 337 1254 rum
371 1193 497 1270 ipitium
530 1191 692 1272 silvarum,
725 1195 839 1274 quum
857 1189 972 1254 Caesar
1001 1192 1198 1274 pervenisset
1222 1196 1388 1273 castraque

263 1318 390 1380 munire
415 1316 614 1396 instituisset,
637 1334 742 1398 neque
765 1316 865 1379 hostis
888 1317 1016 1379 interim
1039 1316 1129 1380 visus
1153 1320 1245 1396 esset,
1269 1315 1388 1398 disper-

264 1441 308 1504 sis
342 1441 377 1502 in
401 1459 493 1524 opere
515 1441 633 1504 nostris
658 1438 762 1503 subito
787 1457 827 1502 ex
853 1439 1002 1503 omnibus
1025 1439 1169 1523 partibus
1193 1440 1291 1503 silvae
1313 1459 1387 1504 evo-

263 1565 410 1628 laverunt
433 1569 464 1628 et
481 1567 516 1627 in
535 1569 661 1630 nostros
680 1567 834 1647 impetum
854 1565 1005 1628 fecerunt.
1025 1564 1134 1628 Nostri
1147 1565 1289 1630 celeriter
1300 1586 1388 1629 arma

264 1695 415 1772 ceperunt
447 1710 565 1773 eosque
594 1693 627 1753 in
661 1678 757 1754 silvas
788 1690 974 1773 repulerunt
997 1696 1027 1755 et
1051 1691 1268 1774 compluribus
1290 1693 1386 1757 inter-

262 1815 352 1879 fectis
380 1816 507 1899 longius
537 1814 790 1898 impeditioribus
813 1816 891 1879 locis
913 1797 1021 1880 secuti
1043 1836 1202 1898 paucos
1225 1836 1274 1880 ex
1297 1819 1386 1882 suis

265 1939 629 2022 deperdiderunt.''
663 1940 829 2004 Habemus
862 1942 1047 2024 exemplum
1078 1942 1147 2023 ejus
1177 1942 1224 2005 rei
1254 1941 1293 2004 de
1323 1961 1388 2024 qua

265 2084 362 2147 supra
374 2065 404 2145 2)
426 2066 484 2147 egi,
505 2062 640 2128 Dionem
655 2064 693 2127 de
706 2065 793 2128 clade
808 2063 950 2128 Caesaris
963 2066 1099 2148 cogitare
1112 2065 1220 2146 solere,
1233 2067 1261 2128 si
1273 2063 1388 2129 Caesar

262 2191 330 2272 ipse
361 2189 528 2252 confitetur
559 2209 593 2253 se
622 2209 740 2273 paucos
772 2209 813 2253 ex
841 2191 908 2253 suis
930 2190 1113 2272 perdidisse.
1139 2188 1231 2265 Quod
1255 2193 1387 2254 nonita

262 2315 389 2378 videtur
411 2316 479 2377 viro
503 2315 685 2380 doctissimo
708 2315 927 2396 Eyssenhardt
947 2317 987 2396 3),
1008 2317 1063 2399 qui
1083 2335 1148 2378 non
1165 2315 1289 2379 dubitat
1307 2318 1386 2398 quin

264 2439 379 2504 Caesar
412 2441 576 2503 veritatem
612 2440 784 2506 detorserit.
816 2439 877 2503 Sed
907 2440 1005 2503 nullis
1035 2442 1232 2524 argumentis
1263 2443 1386 2521 nititur,

262 2584 328 2630 non
360 2566 554 2628 demonstrat
585 2564 726 2628 Caesaris
757 2567 971 2656 narrationem
1001 2585 1067 2628 non
1090 2585 1159 2629 esse
1182 2567 1385 2630 verisimilem

262 2709 368 2773 neque
390 2691 488 2773 hujus
511 2689 625 2754 Dionis
649 2691 890 2754 consuetudinis
910 2693 1065 2754 rationem
1084 2691 1178 2755 habet
1197 2711 1302 2774 neque
1315 2711 1384 2756 eam

263 2815 447 2879 observasse
471 2815 604 2878 videtur.
628 2814 696 2899 Ego
721 2820 830 2878 contra
853 2816 1009 2880 contendo
1034 2837 1130 2899 quam
1152 2818 1292 2881 maxime
1316 2837 1386 2881 esse

263 2942 433 3004 verisimile
467 2940 609 3005 Morinos
641 2947 672 3004 et
702 2941 866 3024 Menapios
899 2943 1064 3025 eruptione
1086 2941 1168 3005 facta
1189 2963 1208 3005 a
1230 2940 1385 3006 militibus

261 3069 442 3150 legionariis
473 3069 508 3130 in
539 3068 651 3131 silvam
677 3087 746 3131 esse
768 3067 923 3150 repulsos
945 3068 1183 3149 nonnullosque
1206 3067 1322 3131 milites
1346 3066 1385 3130 ab

260 3196 300 3258 iis
324 3213 393 3258 esse
417 3213 533 3274 caesos,
556 3213 658 3276 quum
679 3192 838 3276 fugientes
862 3194 1010 3276 cupidius
1035 3198 1251 3277 sequerentur.
1271 3191 1385 3276 Neque

262 3321 300 3384 de
322 3320 410 3384 clade
434 3318 576 3383 Caesaris
597 3319 676 3381 mihi
699 3319 903 3402 cogitandum
918 3337 987 3382 esse
999 3319 1134 3400 videtur,
1147 3338 1249 3402 quum
1262 3322 1353 3382 const
1372 3322 1385 3380 t

262 3466 364 3528 quum
399 3464 441 3508 ex
472 3445 706 3529 commentariis
735 3445 768 3524 4)
800 3449 870 3506 tum
902 3463 944 3507 ex
965 3437 1026 3506 hoc
1049 3445 1150 3526 eapite
1172 3440 1286 3506 Dionis
1310 3461 1384 3506 eum
1484 3439 1486 3442 ’

260 3576 333 3654 post
367 3590 508 3654 pugnam
541 3570 630 3633 silvis
661 3571 770 3650 caesis,
800 3571 1009 3653 materiaque·
1025 3588 1117 3634 caesa
1143 3587 1200 3652 pro
1223 3567 1305 3631 vallo
1329 3587 1384 3632 ex·

261 3701 381 3760 structa
417 3695 523 3759 Gades
557 3714 626 3759 esse
659 3699 862 3778 persecutum
894 3699 925 3758 et
955 3715 992 3758 ea
1023 3694 1153 3758 demum
1184 3692 1222 3756 de
1246 3712 1384 3756 causae

296 3943 321 4002 1)
340 3942 375 3990 De
393 3942 421 3991 B.
440 3942 468 3990 G.
488 3939 538 3992 ΙΙΙ.
556 3941 595 3989 28.

294 4035 319 4099 2)
336 4050 390 4098 pag.
409 4033 448 4083 27.

293 4125 318 4186 3)
340 4123 495 4172 Fleckeisens
513 4123 666 4171 Jahrbiicher
685 4123 717 4170 85
737 4138 790 4186 pag.
810 4121 874 4171 voh

294 4220 319 4278 4)
336 4216 372 4264 De
392 4217 419 4264 B.
438 4217 466 4264 G.
486 4215 529 4265 lll.
548 4216 588 4264 29.
