3424 5188
801 570 842 631 53

256 777 352 842 fidem
373 782 568 861 perspectam
591 777 734 860 habebat,
757 797 823 840 non
845 779 975 841 miserit.
1000 778 1110 842 Finxit
1129 780 1228 862 igitur
1251 799 1379 844 causam

258 909 289 968 et
322 904 361 968 de
392 922 451 967 suo
482 903 618 966 addidit:
652 903 692 982 τῷ
725 902 779 978 μὲν
810 901 867 982 γαρ
898 900 990 982 οἰκέτῃ
1025 905 1075 965 τσῦ
1111 901 1252 982 Νερσνίσν,
1288 902 1380 966 καίτοι

260 1035 361 1109 πεῖραν
385 1026 457 1109 ἔργῳ
479 1033 532 1100 τῆς
556 1027 664 1099 εὐναίας
688 1028 778 1090 αὐτοῦ
802 1025 915 1102 λαβών,
937 1027 986 1090 οὐκ
1006 1025 1166 1098 ἐπίστευσε,
1188 1026 1231 1103 μὴ
1251 1024 1381 1099 καὶτοὺς

258 1154 426 1234 πατριώτας
460 1155 585 1227 ἐλεήσας
620 1151 704 1230 μέγα
736 1176 763 1216 τν
794 1151 883 1216 κακόν
914 1157 998 1232 σφας
1029 1149 1231 1232 ἐξεργάσηται.
1257 1151 1381 1218 Deinde

258 1283 333 1364 quia
355 1300 422 1344 non
443 1281 532 1361 vidit,
557 1279 714 1362 quomodo
735 1297 833 1361 eques
857 1277 976 1360 Callus,
997 1279 1053 1360 qui
1073 1298 1138 1341 non
1158 1284 1224 1342 erat
1242 1278 1381 1342 Nervius

258 1411 328 1469 tuto
350 1407 433 1469 inter
452 1405 588 1468 Nervios
607 1423 735 1468 versare
753 1408 861 1486 posset
881 1405 1021 1486 equitem
1033 1403 1109 1466 dicit
1120 1402 1173 1475 τήν
1185 1425 1218 1464 τε
1230 1400 1380 1465 διάλεκτον

257 1530 354 1593 αὐτῶν
373 1528 470 1614 εἰδότα
488 1525 540 1592 καὶ
560 1535 596 1608 τῇ
616 1526 706 1607 στάλαν
728 1535 764 1608 τῇ
785 1525 895 1591 ἐκείνων
914 1525 1121 1600 σκευασθέντα,
1140 1532 1303 1611 tamquam
1316 1546 1381 1589 non

257 1655 485 1737 unusquisque
507 1673 605 1737 eques
630 1652 741 1718 Gallus
765 1673 866 1735 aeque
887 1658 997 1738 gratus
1022 1659 1053 1717 et
1075 1658 1231 1737 acceptus.
1253 1652 1381 1716 Nerviis

256 1780 378 1862 fuisset,
401 1780 574 1844 dummodo
598 1785 707 1842 contra
729 1779 890 1843 Romanos
913 1799 1056 1862 pugnare
1078 1779 1180 1843 vellet.

302 1905 341 1968 ln
364 1907 465 1990 capite
486 1905 527 1968 10
547 1906 731 1969 invenimus
754 1903 918 1968 Caesarem
937 1909 1035 1968 noctu
1054 1905 1114 1967 iter
1133 1903 1173 1966 ad
1197 1903 1380 1967 Ciceronem

257 2031 369 2094 fecisse
392 2035 423 2094 et
446 2029 586 2094 interdiu
608 2035 709 2094 castra
728 2032 762 2093 in
781 2031 859 2094 locis
883 2031 1015 2094 occultis
1037 2030 1193 2113 posuisse,
1215 2034 1252 2093 ut
1275 2028 1380 2092 subito

257 2155 391 2220 Nervios
425 2155 657 2239 aggrederetur,
691 2156 769 2218 dum
800 2157 857 2218 vix
888 2154 1036 2219 credibile
1059 2156 1100 2218 sit
1123 2175 1197 2218 eum
1220 2156 1255 2217 in
1277 2155 1382 2218 media

257 2283 361 2346 hieme
384 2301 440 2366 per
458 2283 603 2365 regiones
622 2282 755 2365 ignotae,
776 2280 940 2343 Gallorum
952 2281 1114 2344 voluntate
1133 2300 1198 2343 non
1210 2285 1381 2363 perspecta,

257 2409 317 2470 hoc
338 2407 441 2470 facere
464 2427 578 2470 ausum
602 2425 679 2471 esse.
705 2406 761 2470 Sin
781 2411 888 2469 autem
907 2404 1051 2469 Caesaris
1071 2405 1313 2468 commentarios
1332 2405 1381 2467 in-

258 2535 409 2617 spicimus
439 2533 519 2596 nihil
550 2532 706 2615 ejusmodi
736 2533 882 2616 legimus,
914 2531 970 2595 sed
992 2533 1098 2615 potius
1120 2531 1314 2593 contrarium
1339 2548 1380 2593 ex

257 2658 297 2720 iis
328 2657 475 2741 colligere
504 2677 685 2741 possumus.
720 2655 880 2720 Nuntium
911 2657 1008 2750 mittit
1032 2656 1071 2719 ad
1095 2654 1245 2718 Crassum
1269 2674 1381 2739 quaes-

257 2785 356 2846 torem
389 2783 423 2845 in
452 2782 637 2846 Bellovacos
671 2783 710 2865 1),
739 2787 777 2846 ut
803 2782 843 2844 ad
872 2801 906 2846 se
936 2783 1051 2845 veniat.
1086 2780 1209 2846 Deinde
1237 2783 1282 2844 ita
1311 2800 1381 2865 per-

256 2910 303 2992 git
327 2911 374 2990 2):
409 2907 524 2989 „Hora
547 2908 669 2971 circiter
692 2910 784 2972 tertia
807 2909 837 2990 (i.
858 2927 883 2972 e.
906 2909 984 2970 hora
1006 2908 1091 2971 diei
1114 2908 1223 2987 tertia;
1248 2905 1381 2970 Crassus

258 3036 341 3098 enim
375 3034 479 3098 media
508 3038 601 3097 nocte
631 3053 673 3097 ex
702 3033 844 3097 hibernis
874 3032 1033 3117 profectus
1065 3038 1139 3114 erat,
1170 3033 1304 3115 ejusque
1333 3032 1381 3094 hi·
1410 3030 1412 3034 ’

257 3160 355 3224 berna
385 3161 473 3224 milia
503 3180 660 3244 possuum
690 3159 790 3222 XXV
822 3159 962 3240 aberant)
992 3159 1031 3221 ab
1055 3156 1314 3222 antecursoribus
1341 3157 1380 3220 de

258 3286 362 3350 Crassi
382 3287 521 3350 adventu
541 3288 654 3350 certior
673 3285 775 3349 factus
798 3304 834 3348 eo
859 3285 925 3348 die
948 3304 1103 3368 passuum
1124 3283 1212 3346 milia
1230 3280 1298 3344 XX
1309 3300 1380 3365 pro·

258 3411 371 3476 cedit.''
394 3411 541 3476 Fortasse
563 3410 699 3476 Dionem
721 3413 754 3473 in
776 3429 913 3474 errorem
933 3410 1070 3491 induxit,
1095 3408 1181 3491 quod
1199 3407 1276 3490 legit
1295 3406 1380 3489 apud

258 3536 423 3601 Caesarem
448 3539 495 3618 3):
523 3536 664 3618 ,Cacsar
687 3537 823 3620 acceptis
842 3535 956 3598 litteris
976 3533 1157 3616 (Ciceronis)
1179 3533 1285 3596 statim
1298 3551 1380 3594 nun·

257 3664 339 3726 tium
362 3664 396 3725 in
418 3662 603 3727 Bellovacos
627 3663 666 3726 ad
689 3662 731 3725 Μ.
756 3660 907 3725 Crassum
930 3664 1130 3744 quaestorem
1153 3657 1267 3735 mittit3
1288 3655 1381 3739 J'ubet

257 3789 394 3852 media
415 3792 539 3852 nocte
562 3788 719 3871 legionem
739 3785 897 3870 proficisci
916 3785 1121 3866 celeriterque
1144 3781 1183 3846 ad
1195 3800 1229 3845 se
1241 3779 1379 3844 venire.’'

256 3993 402 4003 ——-.

292 4120 568 4186 umanum

291 4209 569 4274 amanum

293 4301 573 4368 amanum
