3424 5188
284 736 453 802 adversum
484 736 654 812 Afranium
685 741 716 800 et
745 735 907 818 Petrejum
929 737 1012 800 facta
1034 742 1118 820 sunt,
1142 743 1179 802 ut
1200 699 1415 808 nullomodo

283 857 362 924 mihi
384 862 574 946 persuadere
596 863 716 945 possim
740 881 813 926 eum
837 853 914 926 haec
937 881 979 926 ex
1001 862 1145 927 Pollione
1166 864 1320 927 hausisse.

328 988 427 1072 Cujus
458 991 504 1053 rei
535 1010 638 1053 unum
660 995 796 1055 tantum,
809 991 993 1074 exemplum
1016 991 1180 1074 proferam.
1203 991 1318 1055 Narrat
1341 992 1407 1074 Ap-

281 1116 397 1197 pianus
423 1116 452 1195 1)
483 1135 593 1198 paoem
624 1117 708 1179 inter
738 1104 904 1180 Caesarem
935 1121 966 1179 et
996 1116 1166 1180 Afranium
1190 1122 1221 1180 et
1244 1115 1411 1198 Petrejum,

282 1259 351 1304 esse
375 1241 582 1323 compositam
606 1245 637 1303 et
658 1242 703 1302 aa
727 1240 765 1304 de
788 1259 881 1328 aare
905 1240 998 1303 dicit:
1022 1236 1084 1302 καΥ
1098 1237 1274 1331 συνέβησαν,
1300 1237 1324 1302 οἳ
1348 1239 1402 1316 μὲν

281 1366 417 1439 ἐκστῆναι
447 1371 500 1438 τῆς
532 1363 661 1444 Ἰβηρίας
691 1364 731 1444 τῷ
756 1363 889 1444 Καίσαρι,
915 1363 928 1426 ὁ
952 1364 983 1428 δὲ
1008 1355 1123 1445 Καῖσαρ
1147 1365 1253 1436 αὐτοὺς
1276 1365 1404 1437 ἀπαθεῖς

281 1487 331 1551 ἐπὶ
353 1489 402 1554 τὸν
427 1487 540 1569 Οὔαρον
563 1488 697 1566 ποταμὸν
721 1488 888 1565 διαγαγεῖν,
912 1486 979 1585 καὶ
1003 1488 1078 1552 απὸ
1102 1489 1218 1552 τοῦδε
1239 1493 1405 1567 χωροῦν-

281 1636 354 1691 τας
377 1615 392 1680 ἕ
399 1639 413 1686 ς
436 1613 640 1692 Πομπήιον
664 1583 746 1694 ἕξιν.ι
761 1614 859 1678 Plura
879 1613 993 1679 Caesar
1014 1615 1186 1680 concedere
1206 1636 1271 1679 non
1285 1618 1405 1699 potuis-

281 1746 336 1822 set,
368 1743 396 1806 si
426 1741 465 1804 ab
496 1743 536 1805 iis
559 1742 664 1804 victus
686 1745 777 1821 esset,
802 1740 858 1804 sed
880 1761 914 1804 re
937 1760 1012 1805 vera
1035 1743 1122 1825 pacis
1145 1742 1341 1806 conditiones
1364 1743 1403 1806 ab

281 1866 330 1930 his
362 1865 464 1932 multo
489 1867 632 1930 diversae
654 1871 744 1929 erant
768 1885 942 1949 earumque
967 1886 1093 1930 summa
1115 1869 1146 1948 2)
1170 1868 1247 1932 haec
1271 1873 1344 1950 erat,
1367 1873 1404 1931 ut

281 1989 378 2054 duces
409 1991 582 2072 provinciis
613 1991 802 2054 excederent
834 1991 1075 2073 exercitumque
1106 1991 1308 2056 dimitterent.
1330 1991 1404 2056 Non

281 2116 373 2178 credo
408 2114 584 2178 Pollionem
618 2120 683 2179 tam
717 2116 855 2180 absurda
887 2135 1016 2180 narrare
1050 2118 1201 2200 potuisse,
1236 2119 1292 2182 sed
1328 2121 1403 2202 quia

279 2239 447 2324 Appianas
478 2259 552 2304 eum
583 2242 617 2302 in
650 2242 761 2305 ceteris
784 2240 928 2304 adhibuit
949 2261 1056 2324 neque
1077 2242 1226 2306 credibile
1249 2248 1297 2306 est
1319 2261 1403 2324 eum,

280 2365 307 2427 si
340 2364 442 2428 Pollio
478 2365 572 2428 etiam
606 2365 644 2428 de
674 2365 735 2428 hoc
764 2364 846 2429 bello
870 2367 1004 2449 scripsit,
1028 2367 1123 2430 talem
1145 2373 1316 2450 auctorem,
1339 2388 1402 2451 quo

280 2508 371 2574 saepe
401 2510 482 2554 usus
516 2495 590 2572 erat,
621 2491 810 2574 neglexisse,
841 2509 883 2554 ex
906 2491 956 2554 his
978 2495 1016 2553 ut
1039 2492 1158 2573 opinor,
1181 2497 1308 2575 apparet
1331 2491 1403 2555 Pol-

276 2615 394 2680 lionem
415 2635 479 2678 non
501 2617 665 2698 scripsisse
678 2615 810 2679 debello
824 2616 992 2679 adversum
1005 2616 1176 2679 Afranium
1189 2621 1220 2680 et
1231 2615 1402 2700 Petrejum,

278 2743 330 2804 cui
353 2744 421 2825 ipsc
442 2762 507 2805 non
530 2743 662 2806 affuerat
685 2748 716 2806 et
738 2744 797 2806 hac
820 2761 854 2806 re
876 2742 1053 2807 affirmatur
1075 2745 1178 2825 etiarn,
1199 2744 1284 2827 quod
1306 2763 1402 2827 supra

277 2867 346 2930 dixi
369 2886 442 2930 eum
466 2887 532 2930 non
556 2868 720 2950 scripsisse
742 2867 860 2932 librum
884 2867 1027 2932 debello
1051 2867 1178 2931 Gallico.

321 2993 419 3058 Hisce
450 2995 555 3058 causis
587 2994 752 3075 adductus,
777 3014 873 3076 quam
894 2995 1036 3056 maxime
1059 2993 1127 3057 fieri
1150 2998 1253 3076 potest
1276 2999 1401 3057 senten-

275 3121 353 3183 tiam
383 3118 481 3203 probo
511 3119 550 3181 V.
576 3118 619 3182 Cl.
644 3118 853 3200 Cornelissen,
876 3121 933 3202 qui
954 3124 1045 3202 putat
1065 3119 1224 3200 judicium
1246 3118 1400 3182 Pollionis

276 3247 315 3308 de
339 3245 480 3308 Caesaris
503 3245 566 3309 fide
587 3246 756 3328 praecipue
779 3239 848 3308 esse
867 3244 1067 3308 referendum
1088 3244 1128 3306 ad
1148 3243 1399 3308 Commentarios

276 3372 314 3435 de
346 3371 428 3434 bello
459 3370 607 3451 civilia),
640 3389 835 3452 quamquam
858 3370 953 3432 etiam
984 3369 1023 3433 de
1054 3369 1104 3432 his
1126 3369 1221 3451 paulo
1252 3370 1397 3452 iniquius

274 3498 354 3560 mihi
383 3497 517 3560 videtur.
547 3479 610 3558 'Sed
633 3495 715 3558 hanc
737 3514 805 3558 rem
826 3496 958 3558 missam
980 3494 1078 3573 facio,
1103 3494 1245 3557 nuncid
1269 3513 1337 3577 ag0,
1359 3500 1397 3558 ut

275 3623 488 3686 demonstrem
518 3621 762 3684 commentarios
785 3619 823 3683 de
846 3619 929 3684 bello
953 3618 1072 3683 Gallico
1097 3639 1223 3683 summa
1245 3619 1308 3683 fide
1331 3620 1398 3703 dig-

274 3769 333 3812 nos
367 3767 445 3829 esse,
476 3747 562 3830 quod
593 3746 676 3809 infra
707 3746 842 3828 singulis
873 3746 951 3809 locis
982 3745 1146 3808 ostendere
1169 3745 1314 3826 conabor,
1338 3745 1397 3808 hoc

308 4078 330 4138 l)
351 4079 413 4141 App.
428 4076 457 4126 da
477 4077 504 4126 B.
523 4075 551 4127 C.
571 4077 661 4126 11.43.

306 4169 332 4229 2)
348 4167 415 4216 Caes.
430 4167 459 4217 de
477 4168 505 4216 B.
521 4167 547 4217 C.
566 4168 586 4217 I.
605 4169 645 4217 85.

306 4259 332 4322 3)
349 4257 506 4308 Cornelissen
523 4275 577 4323 pag.
597 4261 620 4309 6.
