3424 5188
889 570 930 630 78

357 781 519 859 appareret
542 795 624 859 quae
645 779 814 841 auctoritas
837 776 934 840 Dioni
956 780 990 841 in
1013 779 1198 860 hujusmodi
1214 780 1311 844 rebus
1324 781 1475 844 sittribu-

357 901 447 982 enda,
470 921 552 984 quae
573 901 711 985 profecto
735 922 840 984 neque
863 905 897 966 in
919 904 969 967 his
988 923 1093 986 neque
1114 906 1148 968 in
1168 907 1279 969 ceteris
1292 912 1475 990 magnaest.

399 1025 545 1109 Exposui
568 1046 689 1109 causae,
713 1027 830 1110 quibus
852 1027 971 1090 factum
991 1047 1060 1092 esse
1078 1028 1213 1110 videtur,
1232 1034 1269 1092 ut
1289 1035 1354 1092 tam
1366 1030 1475 1093 multis

356 1151 433 1215 locis
468 1149 529 1214 Dio
562 1153 728 1216 veritatem
758 1171 824 1216 non
853 1153 1024 1216 tradiderit.
1055 1153 1205 1217 Vidimus
1236 1173 1310 1217 eum
1333 1156 1366 1216 iu
1389 1159 1476 1237 parte

355 1276 428 1339 libri
450 1278 510 1358 sui,
534 1296 617 1359 quae
638 1278 703 1360 agit
726 1277 764 1341 de
783 1277 866 1340 bello
886 1277 1015 1360 Gallico,
1026 1298 1176 1363 persaepe
1187 1279 1358 1342 admodum
1370 1278 1476 1362 negle-

355 1408 466 1486 genter
495 1402 581 1466 fontc
612 1422 671 1466 suo
701 1421 771 1466 esse
800 1423 907 1484 usum,
931 1423 1023 1486 saepe
1046 1405 1140 1467 etiam
1164 1404 1310 1467 consulto
1334 1424 1476 1468 commu-

357 1532 448 1608 tasse,
483 1545 565 1609 quac
599 1526 644 1589 ibi
676 1528 848 1611 invenerat.
882 1525 975 1602 Quod
1006 1529 1033 1591 si
1062 1530 1098 1590 in
1127 1529 1186 1591 hac
1217 1533 1305 1611 parte
1327 1529 1476 1592 historiae

355 1651 437 1733 fecit,
467 1651 639 1716 verisimile
667 1657 715 1716 ost
738 1652 797 1714 hoc
820 1652 904 1715 idem
929 1652 967 1716 ab
991 1671 1027 1716 eo
1049 1654 1083 1714 in
1107 1654 1218 1716 ceteris
1240 1652 1383 1736 partibus
1407 1671 1476 1716 esse

356 1776 483 1839 factum.
508 1776 807 1850 Admodumoante
830 1781 861 1840 et
883 1778 1109 1860 circumspecte
1131 1778 1229 1860 igitur
1251 1775 1388 1841 Dionem
1407 1795 1476 1840 esse

358 1901 574 1965 adhibendum
615 1920 728 1965 censeo
766 1920 872 1984 neque
909 1922 1059 1985 magnam
1098 1904 1315 1966 auctoritatem
1345 1903 1374 1965 ci
1406 1920 1476 1965 esse

356 2026 555 2090 tribuendam
586 2031 664 2109 puto
697 2027 814 2109 quippe
844 2028 897 2089 cui
924 2031 955 2090 et
984 2027 1126 2090 studium
1156 1995 1295 2090 veritatis
1327 2026 1422 2106 deest,
1446 2030 1476 2089 et

357 2153 413 2235 qui
435 2156 615 2215 notantem
637 2150 766 2232 quidem
787 2151 981 2234 diligentiam
1001 2151 1152 2232 adhibuit,
1172 2156 1209 2214 ut
1227 2155 1311 2214 recte
1323 2155 1354 2214 et
1366 2150 1476 2213 ordine

355 2278 492 2359 referret,
515 2277 653 2360 quaein
675 2274 817 2338 fontibus
841 2277 909 2339 suis
932 2277 1096 2340 invenerit.
