3424 5188
753 551 792 612 17

226 762 281 825 sed
314 761 415 826 multo
450 763 576 844 saepius
605 762 672 824 ¹tam
702 760 840 824 absurda
870 766 901 824 et
933 761 1029 824 stulta
1055 760 1148 824 nobis
1171 766 1286 843 narrat,
1309 767 1346 825 ut

224 889 326 950 risum
353 891 460 951 tenere
490 907 555 950 non
586 888 754 970 possimus.
785 887 888 949 Venio
912 888 978 968 jam
1004 887 1044 949 ad
1067 892 1162 969 eaput
1185 888 1236 968 32,
1260 888 1346 969 quod

225 1014 374 1076 universe
397 1017 445 1075 sat
465 1012 546 1076 bene
569 1032 641 1076 oum
667 1011 798 1076 Caesare
820 1012 849 1091 1)
875 1012 1039 1093 consentit,
1060 1012 1115 1074 sed
1127 1012 1237 1076 multis
1250 1010 1346 1076 rebus

137 1157 139 1163 ·
224 1137 314 1219 parvi
348 1138 500 1220 momenti
534 1137 719 1218 ostenditur,
751 1156 848 1219 quam
878 1135 1075 1219 negligenter
1103 1134 1165 1198 Dio
1186 1137 1256 1198 ‘hoo
1287 1155 1346 1198 suo

145 1344 147 1350 Α
224 1260 311 1324 fonte
342 1247 421 1325 usus
453 1262 500 1324 sit.
533 1259 626 1336 Quod
655 1266 691 1324 ut
714 1260 829 1324 melius
852 1265 1000 1344 appareat
1020 1261 1090 1343 ipsa
1113 1258 1226 1324 Dionis
1249 1260 1347 1325 verba

179 1377 181 1381 Α
225 1383 369 1448 afferam:
399 1383 424 1446 οἱ
444 1376 490 1446 οὖν
513 1381 657 1463 βοίρβοοροο
680 1383 780 1461 χρίνον
805 1382 859 1460 μέν
882 1407 948 1447 τονοο
970 1381 1107 1462 ἐπέσχον,
1131 1381 1222 1447 ἔπειτ’
1246 1383 1343 1456 ἐπειδὴ

227 1507 318 1583 μηδὲν
353 1505 479 1581 ἤκουσοον
513 1507 594 1571 κοντοὶ
628 1507 660 1571 τὸ
695 1507 893 1586 συγκείμενον,
931 1506 1053 1588 οίροοντες
1088 1509 1121 1572 τὸ
1152 1508 1207 1585 μὲν
1237 1512 1347 1589 πρῶτον

227 1630 276 1695 διὰ
304 1636 365 1694 πῶν
396 1631 598 1713 Ἀλλοβρίγων
629 1632 799 1714 ἐπορεύοντο,
825 1630 895 1714 ᾗπερ
919 1631 1057 1714 ίίρμηντο.
1083 1634 1228 1698 Primum
1250 1633 1348 1698 verba

227 1753 315 1819 ἔπειτ’
343 1756 441 1828 ἐπειδὴ
466 1757 558 1834 μηδὲν
581 1755 707 1830 ἤκουσοον
729 1758 811 1822 κοοτοὶ
827 1759 861 1822 τὸ
879 1760 1068 1837 συγκείμενον
1088 1779 1153 1822 non
1170 1778 1245 1822 vera
1263 1763 1347 1841 sunt,

228 1880 360 1946 Caesare
390 1884 476 1946 enim
504 1887 632 1948 auctore
657 1885 687 1964 2)
710 1883 867 1948 Helvetiis
889 1904 1080 1968 responsum
1102 1890 1150 1948 est
1177 1933 1191 1966 ,,
1204 1904 1237 1949 se
1259 1903 1348 1948 more
1454 1927 1457 1932 -

227 2015 258 2073 et
288 2009 434 2092 exemplo
465 2010 574 2093 populi
600 2009 737 2073 Romani
766 2030 832 2073 non
861 2029 955 2094 posse
977 2013 1037 2074 iter
1060 2011 1118 2074 uili
1142 2030 1199 2094 per
1220 2012 1348 2094 provin-

227 2137 308 2197 oiam
340 2132 442 2217 dare,''
473 2136 560 2217 quod
587 2136 725 2219 profeoto
756 2136 857 2199 multo
887 2137 1093 2200 verisimilius
1117 2141 1173 2219 est,
1197 2157 1294 2220 quam
1316 2137 1349 2199 id

228 2259 315 2342 quod
336 2258 397 2323 Dio
420 2261 523 2343 tradit,
544 2262 703 2344 siquidem
721 2261 861 2326 Helvetii
879 2281 990 2326 revera
1007 2263 1049 2325 ad
1058 2263 1104 2325 Id.
1117 2263 1216 2346 April.
1229 2265 1349 2327 reversi

229 2390 312 2449 sunt.
341 2385 507 2452 Praeterea
531 2385 645 2451 Caesar
671 2408 716 2468 „a
736 2388 809 2451 lacu
831 2386 993 2451 Lemanno
1013 2407 1121 2478 'usque
1145 2388 1184 2450 ad
1207 2393 1349 2452 montom

228 2509 342 2573 Juram
363 2531 495 2576 murum
516 2513 551 2574 in
573 2511 773 2576 altitudinem
792 2512 911 2595 pedum
931 2507 1069 2576 sedecim
1084 2512 1268 2595 fossamque
1279 2532 1349 2596 per-

229 2634 351 2698 duxit.’'
384 2635 481 2700 Nullo
515 2637 609 2700 modo
638 2638 737 2721 igitur
764 2637 834 2702 fieri
864 2639 976 2721 potuit
1007 2641 1044 2701 ut
1072 2637 1211 2701 Helvetii
1235 2635 1346 2713 τὸμὲν

227 2763 335 2839 πρῶτον
366 2759 414 2824 διὰ
445 2764 500 2823 τῶν
530 2759 732 2840 Ἀλλοβρίγοον
763 2760 934 2841 ἐπορεύοντο,
965 2763 1021 2827 sed
1048 2762 1181 2827 fortasse
1204 2760 1265 2825 Dio
1287 2763 1349 2825 hoc

228 2887 365 2968 sumpsit
394 2905 435 2950 ox
466 2906 531 2971 oap.
557 2888 607 2969 11,
629 2886 687 2951 ubi
710 2886 824 2951 Caesar
848 2889 939 2951 dicit:
963 2889 1045 2952 item
1067 2887 1265 2971 Allobroges
1289 2888 1349 2970 qui

227 3015 315 3075 trans
345 3011 537 3076 Rhodanum
560 2989 650 3077 vioos
669 3014 950 3097 possessionesque
972 3011 1131 3076 habebant
1151 3012 1228 3096 fuga
1251 3031 1285 3076 se
1310 3011 1350 3074 ad

228 3134 393 3200 Caesarem
424 3137 609 3221 recipiunt‚’'
642 3139 728 3222 quod
750 3144 828 3203 tuno
850 3141 988 3223 primum
1011 3140 1131 3203 factam
1155 3144 1203 3204 est
1226 3145 1257 3204 et
1279 3138 1349 3202 fieri

226 3263 338 3344 potuit,
362 3283 466 3345 quum
488 3263 627 3326 Helvetii
649 3283 706 3347 per
728 3284 819 3348 agros
843 3263 1066 3347 Sequanorum
1081 3266 1142 3328 iter
1160 3265 1263 3329 faeere
1281 3285 1351 3330 eoe-

228 3387 357 3468 pissent.
380 3385 441 3450 Dio
463 3388 508 3450 ita
528 3389 647 3471 pergit:
671 3383 760 3461 ἔπειτ’
785 3387 957 3466 ἐντυχόντες
979 3395 1038 3460 τοῖς
1061 3387 1217 3465 κωλίμοοσο
1235 3389 1264 3460 ἐς
1288 3397 1350 3461 Ση-

229 3508 364 3582 κουοίνους
393 3512 595 3592 οίπετροίποντο
626 3512 675 3576 κοοί
697 3511 745 3576 eut
776 3537 809 3576 τε
839 3511 947 3577 τούτων
977 3511 1029 3576 κοοί
1058 3513 1107 3577 aa
1135 3517 1192 3577 τῶν
1223 3512 1350 3579 Αίδούυν

229 3635 353 3700 ἐίελοντί
384 3641 468 3718 σφισι
503 3637 555 3709 την
589 3636 676 3702 δίοδον
705 3638 755 3718 ἐφ’
785 3631 806 3718 ᾧ
836 3639 929 3715 μηδὲν
958 3638 1122 3712 οίδοκηίῶσν,
1148 3639 1350 3718 ποορεχίντων,

229 3760 344 3834 dudum
367 3763 418 3826 οὐκ
438 3761 585 3840 ἐνέμεινοον
608 3770 669 3835 τοῖς
692 3763 935 3842 ὡμολογημένοις,
960 3764 1044 3828 οὶλλοὶ
1062 3763 1115 3838 την
1135 3764 1235 3844 χοίρου
1256 3765 1351 3828 οούτῶν

230 3886 415 3961 ἐλεηλοίτουν.

231 4067 377 4078 -.—....

266 4188 585 4253 qmaeasm

264 4280 523 4345 amaena
