3424 5188
796 611 837 670 65

254 820 322 884 fieri
344 825 447 902 potest
470 839 545 883 eum
567 821 651 883 idem
673 818 839 903 proetium‚
862 821 948 902 quod
970 839 1036 883 non
1059 821 1120 892 fuit
1143 822 1247 887 clades
1273 824 1302 905 1)
1327 822 1377 888 bis

254 964 526 1009 commemorasse.
561 943 650 1020 Quae
680 945 776 1028 apud.
796 943 933 1009 Dionem
957 947 1063 1009 statim
1085 951 1157 1030 post
1179 948 1257 1011 haee
1278 948 1376 1012 verba

255 1077 434 1155 sequuntur
456 1073 551 1134 etiam
573 1075 721 1154 corrupta
744 1075 827 1153 sunt,
852 1089 952 1154 eaque
975 1071 1014 1134 de
1037 1091 1134 1135 eausa
1154 1091 1221 1135 non
1241 1078 1378 1157 apparet,

255 1197 332 1280 quid
356 1196 418 1260 sibi
439 1197 524 1278 velit,
548 1196 603 1260 sed
624 1194 748 1278 reliqua
771 1214 853 1279 quae
876 1200 984 1260 1101101
1008 1197 1047 1261 de
1071 1196 1245 1262 defectione
1267 1199 1377 1262 Aedu-

255 1341 347 1386 orum
371 1341 445 1384 oum
468 1320 600 1384 Caesare
622 1322 827 1385 consentiunt
851 1323 890 1402 2).
915 1319 1008 1396 Quod
1031 1322 1246 1386 autemaddit
1267 1321 1377 1386 Caesa-

254 1465 320 1510 rem
355 1447 460 1509 statim
492 1450 643 1508 oonatum
671 1464 740 1508 esse
762 1447 798 1508 in
820 1444 951 1509 Aeduos
973 1444 1140 1529 proficisci,
1164 1447 1220 1510 sed
1242 1446 1376 1511 flumine

253 1568 365 1653 Ligere
400 1569 543 1634 obstante
574 1589 608 1633 se
631 1570 670 1633 ad
693 1569 853 1654 Lingones
876 1573 1070 1634 convertisse
1092 1591 1197 1655 neque
1219 1571 1264 1635 ibi
1288 1574 1377 1654 quie-

256 1715 351 1779 quam
381 1694 515 1759 effioiese
537 1696 669 1759 minime
696 1713 809 1759 verum
834 1701 890 1778 est,
914 1697 1001 1779 quod
1020 1698 1087 1780 jam
1110 1699 1216 1760 statim
1241 1703 1376 1782 apparet,

255 1823 282 1884 si
304 1821 529 1885 animadvertis
552 1819 676 1884 Caesari
701 1821 767 1885 sive
791 1840 824 1884 se
847 1821 886 1883 ad
908 1821 1039 1884 Aeduos
1064 1823 1131 1886 sive
1154 1823 1194 1884 ad
1216 1821 1376 1906 Lingones

255 1951 450 2010 converteret
484 1965 585 2028 aeque
618 1965 748 2010 neeesse
777 1945 878 2009 fuisse
902 1944 1048 2029 Ligerem
1069 1947 1220 2028 trajicere.
1244 1947 1377 2010 Aooedit

253 2078 421 2157 praeterea,
446 2072 531 2156 quod
555 2070 687 2136 Caesare
711 2074 741 2152 3)
761 2076 889 2135 auctore
911 2071 971 2135 soli
993 2070 1153 2155 Lingones
1173 2091 1248 2135 oum
1267 2071 1376 2136 Remis

254 2202 285 2260 et
316 2197 459 2260 Treveris
493 2213 550 2280 per
583 2201 687 2261 toturn
716 2197 776 2259 hoo
810 2196 927 2259 bellum
962 2197 1133 2258 amicitiam
1156 2194 1377 2260 Romanorum

253 2323 476 2406 sequebantur.
500 2322 613 2406 Itaque
638 2341 702 2384 non
725 2321 874 2386 credibile
899 2327 947 2385 est
971 2340 1046 2385 eum
1065 2323 1100 2386 in
1123 2321 1283 2405 Lingones
1307 2342 1377 2387 esse

252 2446 430 2531 profectum
461 2451 492 2510 et
524 2466 581 2530 pro
604 2450 687 2511 00110
710 2464 827 2529 ponere
848 2465 1021 2530 possumus
1044 2466 1117 2512 eum
1141 2448 1302 2530 trajecisse
1325 2447 1377 2510 Li-

252 2591 368 2656 gerem.
393 2571 485 2648 Quod
509 2592 573 2636 non
596 2572 699 2635 solum
724 2590 766 2636 ex
789 2570 894 2636 verbis
917 2570 1037 2635 Diones
1058 2577 1185 2655 apparet
1205 2572 1261 2636 sed
1281 2575 1376 2636 etiam

253 2719 271 2762 a
302 2698 434 2764 Caesare
456 2700 488 2781 4)
521 2700 591 2782 ipso
622 2697 805 2779 affirmatur,
836 2699 881 2760 ita
910 2698 996 2761 enim
1028 2699 1066 2761 de
1088 2698 1138 2762 his
1160 2697 1257 2762 rebus
1281 2699 1375 2761 dicit:

255 2824 394 2909 „Itaque
424 2825 596 2889 admodum
625 2823 750 2906 magnis
773 2823 1005 2905 nocturnisque
1028 2822 1196 2886 itineribus
1220 2822 1373 2886 confectis

253 2955 362 3014 eontra
396 2952 539 3013 omnium
574 2949 755 3032 opinionem
789 2947 829 3010 ad
859 2945 1005 3030 Ligerem
1034 2948 1130 3030 venit,
1153 2947 1299 3030 vadoque
1321 2965 1379 3031 por

253 3077 375 3157 equites
408 3075 538 3138 invento
572 3093 628 3156 pro
657 3075 704 3136 rei
733 3074 920 3136 necessitate
954 3077 1143 3157 opportuno,
1178 3077 1215 3136 ut
1247 3057 1376 3136 brachia

251 3201 346 3264 modo
369 3205 464 3284 atque
485 3169 611 3263 humeri
634 3199 674 3262 ad
697 3198 883 3262 sustinenda
906 3217 994 3260 arma
1016 3197 1107 3261 liberi
1130 3197 1168 3260 ab
1192 3217 1276 3281 aqua
1302 3215 1373 3260 esse

251 3331 389 3411 possent,
423 3326 574 3410 disposito
608 3303 761 3408 equitatu,
801 3326 858 3408 qui
896 3325 963 3386 vim
1001 3323 1146 3387 fluminis
1181 3302 1376 3406 refiingeret,

253 3459 349 3536 atque
378 3451 524 3516 hostibus
547 3452 648 3535 primo
672 3455 802 3535 aspectu
823 3449 1015 3534 perturbatis
1038 3450 1231 3513 ineolumem
1256 3449 1378 3512 exerei-

253 3585 322 3642 tum
344 3579 487 3642 traduxit
508 3578 771 3660 frumentumque
791 3577 826 3639 in
846 3577 929 3660 agris
949 3581 981 3639 et
991 3577 1114 3659 peeoris
1129 3577 1250 3659 copiam
1262 3579 1376 3638 neotus

252 3705 370 3789 repleto
389 3705 439 3769 his
458 3704 554 3768 rebus
574 3703 716 3766 exercitu
735 3703 795 3765 iter
813 3702 848 3764 in
870 3700 1060 3764 Senones
1082 3700 1184 3764 faeere
1203 3699 1376 3764 instituit.’'

257 3921 403 3930 μ--ι--ιι-ι-

289 4063 312 4124 1)
333 4062 386 4112 vta.
403 4079 457 4126 pag.
478 4061 517 4110 00.

289 4156 314 4214 a>
332 4155 368 4203 ne
387 4153 587 4203 11011101,
606 4155 644 4200 11.

290 4246 317 4302 a)
336 4245 372 4292 na
391 4246 417 4293 11.
435 4245 464 4292 e.
484 4244 540 4293 111.
559 4245 600 4290 ea.

290 4337 367 4396 4100
388 4337 413 4384 a.
430 4337 460 4383 e.
481 4336 534 4383 111.
555 4335 594 4382 eo.
