3424 5188
810 572 849 632 61

270 803 370 867 quum
400 782 698 846 animadvertissent
728 781 846 845 multos
876 781 1106 846 frumentatum
1134 800 1203 845 esse
1226 781 1392 865 profectos,

270 908 385 991 quodsi
409 905 535 971 Caesari
558 907 716 970 credimus
740 926 817 970 casu
840 907 960 970 accidit.
981 905 1129 970 Praetera
1154 907 1230 969 dicit
1252 906 1393 971 frumen-

274 1036 399 1114 tatores
442 1052 545 1115 quum
587 1036 764 1096 castrorum
799 1032 1066 1115 oppugnationem
1099 1031 1396 1114 animadverterent,

269 1174 412 1220 reversos
436 1175 514 1239 esse,
537 1161 574 1220 ut
596 1157 707 1220 castris
730 1155 851 1220 auxilio
874 1157 1029 1238 venirent,
1049 1156 1105 1219 sed
1123 1156 1208 1240 apud
1228 1154 1392 1220 Gaesarem

269 1283 405 1366 legimus
429 1301 492 1364 eos,
514 1282 631 1345 milites
654 1281 748 1376 modo
772 1283 976 1365 conscriptos,
998 1285 1161 1365 tantopere
1181 1299 1251 1346 esse
1270 1286 1393 1365 pertur-

270 1407 368 1490 batos,
399 1411 436 1471 ut
465 1426 506 1470 ne
529 1407 568 1471 de
592 1427 651 1471 sua
674 1406 804 1490 quidem
825 1407 969 1489 ipsorum
993 1405 1095 1469 salute
1119 1406 1300 1488 cogitarent.
1323 1405 1393 1470 Hu-

269 1531 412 1616 jusmcdi
446 1551 576 1614 erronee,
611 1536 647 1595 ut
677 1533 742 1614 jam
776 1531 904 1615 saepius
935 1530 1011 1612 dixi,
1042 1530 1259 1613 neglegentiae
1281 1528 1395 1593 Dionis

269 1659 449 1742 imputandi
476 1663 568 1740 sunt,
592 1658 648 1741 qui
678 1658 831 1722 memoria
861 1655 1001 1721 confisus
1032 1657 1067 1718 in
1089 1656 1239 1720 historias
1262 1655 1385 1720 rettulit

272 1804 354 1867 quae
375 1784 461 1868 apud
483 1783 649 1848 Caesarem
671 1783 797 1866 legerat.

314 1909 473 1974 Venimus
496 1929 583 1973 nunc
605 1910 645 1973 ad
668 1911 838 1994 septimum
861 1909 936 1972 belli
959 1907 1070 1972 Gallici
1090 1928 1221 1990 annum,
1233 1909 1394 1990 ultimum,

272 2055 368 2120 quem
398 2035 512 2101 Caesar
540 2037 609 2120 ipse
640 2037 814 2120 descripsit,
846 2036 885 2100 de
914 2055 979 2119 quo
1001 2034 1062 2099 Dio
1086 2037 1151 2119 agit
1173 2055 1239 2118 cap.
1264 2035 1392 2098 33-41

272 2160 369 2244 hujus
389 2161 470 2224 libri.
490 2161 629 2224 Arverni
641 2161 721 2226 duce
732 2160 992 2245 Vercingetorige
1005 2161 1187 2225 deiecerunt
1197 2161 1395 2244 reliquisque

272 2284 391 2348 Galliae
422 2285 604 2349 civitatibus
632 2290 869 2370 persuaserunt,
894 2290 931 2349 ut
950 2286 1036 2349 idem
1058 2285 1174 2348 faciant
1199 2286 1237 2367 1).
1261 2284 1394 2349 Verein-

271 2411 395 2494 getorix
426 2411 603 2474 exereitum
632 2411 668 2473 in
697 2410 859 2494 Bituriges
885 2413 915 2492 2)
939 2411 1042 2493 duxit,
1065 2412 1121 2476 sed
1145 2410 1260 2474 Caesar
1281 2411 1393 2494 paucis

272 2536 370 2619 copiis
403 2537 519 2600 coactis
552 2536 768 2600 incursionem
800 2537 874 2600 fecit
903 2538 937 2600 in
967 2537 1048 2600 fines
1078 2537 1307 2620 Arvernorum,
1331 2557 1395 2621 qua

269 2659 562 2745 Vercingetorigem
591 2682 610 2724 a
638 2660 840 2746 Biturigibus
870 2661 1007 2726 abducat
1036 2664 1074 2744 3).
1107 2661 1170 2726 Sed
1193 2662 1307 2728 Caesar
1326 2664 1394 2745 jam

273 2791 345 2848 ante
375 2786 444 2868 ejus
476 2787 650 2851 adventum
679 2807 791 2851 rursus
823 2788 976 2871 discessit,
1002 2789 1087 2872 quod
1110 2789 1149 2852 de
1173 2788 1305 2853 Caesare
1325 2791 1395 2874 ipso

273 2928 384 2973 verum
420 2916 476 2993 est,
508 2910 547 2974 de
576 2913 645 2994 ejus
676 2913 773 2996 copiis
803 2933 870 3008 nen
901 2915 953 2977 ita.
978 2913 1050 2999 Ipse
1073 2915 1160 2978 enim
1183 2914 1342 2978 Viennam
1366 2921 1397 2979 et

270 3034 346 3098 inde
375 3054 432 3119 per
461 3035 542 3100 fines
571 3037 760 3101 Aeduorum.
791 3039 831 3102 ad
860 3038 1020 3123 Lingones
1042 3040 1203 3124 profectus
1225 3045 1274 3105 est
1296 3043 1337 3124 4),
1360 3046 1397 3106 ut

271 3159 412 3244 legiones
443 3166 622 3244 arcesseret,
655 3183 736 3246 quae
759 3164 794 3226 in
814 3169 902 3247 parte
926 3166 1163 3249 septentrionali
1188 3165 1308 3230 Galliae
1330 3166 1397 3230 hie-

272 3285 409 3350 mabant.
440 3285 684 3370 Vercingetorix
705 3294 778 3372 post
800 3287 942 3354 Caesaris
967 3289 1152 3373 discessum,
1176 3295 1213 3355 ut
1235 3288 1296 3353 Dio
1320 3293 1396 3374 (cap.

274 3413 326 3493 34)
357 3417 473 3495 narrat,
495 3415 670 3477 exercitum
693 3415 728 3477 in
750 3414 912 3498 Bituriges
934 3417 1071 3498 reduxit,
1095 3422 1126 3481 et
1148 3416 1261 3480 urbem
1283 3417 1397 3479 Avari-

273 3557 347 3601 cum
377 3539 468 3622 cepit,
492 3539 571 3603 dum
593 3540 678 3624 apud
701 3539 866 3606 Caesarem
888 3542 1073 3606 invenimus
1097 3560 1180 3624 eum,
1202 3543 1263 3606 hoc
1284 3541 1397 3606 fecisse

271 3683 373 3746 quum
392 3666 596 3748 comperisset
615 3663 780 3730 Caesarem
802 3687 1000 3751 comparasse
1009 3668 1151 3751 legiones
1167 3668 1207 3750 4),
1219 3667 1397 3751 urbemque

273 3790 447 3853 Avaricum
469 3790 508 3854 ab
530 3792 685 3856 Arvernis
708 3811 774 3856 non
792 3812 862 3858 esse
881 3781 1012 3878 captam,
1025 3793 1080 3858 sed
1099 3797 1198 3857 totam
1210 3792 1395 3876 Biturigum

275 3943 420 3952 ---.

307 4033 707 4100 ηὴᾶαηηω4.

305 4127 591 4189 amnems

306 4217 595 4284 anaema

305 4308 600 4374 amaems
