3424 5188
816 570 857 630 59

272 756 332 820 hoc
363 756 448 819 idem
478 755 673 820 confiteatur.
705 754 838 819 Accedit
868 754 966 816 aitera
996 772 1101 833 causa,
1132 770 1231 834 quare
1260 749 1397 814 Dionem

272 883 436 946 veritatem
467 901 532 944 non
563 879 731 945 tradidisse
761 879 902 943 arbitror.
934 879 973 941 In
996 879 1169 962 posteriore
1191 882 1279 960 parte
1300 876 1397 959 hujus

273 1007 392 1090 capitis,
423 1005 479 1069 ubi
508 1010 581 1089 posi
611 1005 845 1089 expeditionem
875 1007 910 1066 in
941 1003 1144 1068 Germaniam
1167 1004 1231 1086 agii
1255 1002 1398 1066 debello

273 1152 348 1196 cum
381 1131 590 1195 Eburonibus
624 1132 663 1196 de
697 1131 894 1215 Ambiorigis
924 1130 1001 1214 fuga
1032 1149 1073 1194 ne
1102 1129 1238 1193 verbum
1269 1129 1398 1212 quidem

273 1256 368 1338 addit,
400 1257 477 1320 dum
501 1276 543 1321 ex
567 1257 802 1319 commentariis
825 1261 954 1339 apparet
977 1254 1142 1319 Caesarem
1166 1260 1300 1318 tunore
1323 1273 1399 1316 vera

274 1381 407 1446 multam
437 1400 563 1464 operam
586 1382 709 1445 frustra
730 1381 855 1445 dedisse
878 1386 916 1444 ut
938 1380 1157 1464 Ambiorigem
1180 1384 1304 1464 caperet
1325 1397 1398 1462 poe·

273 1525 396 1589 uasque
420 1506 458 1570 de
482 1525 519 1570 eo
544 1513 690 1571 sumeret.
714 1507 830 1571 Alieno
849 1508 918 1570 loco
938 1508 1037 1591 igitur
1055 1509 1199 1590 inseruit,
1219 1526 1301 1590 quae
1314 1507 1399 1590 apud

275 1631 440 1696 Caesarem
469 1633 594 1716 legerat.
626 1631 674 1696 De
704 1632 962 1717 expeditionem
987 1632 1190 1696 Germaniam
1210 1631 1271 1696 Dio
1291 1632 1399 1695 admo-

275 1758 352 1821 dum
374 1757 512 1821 breviter
535 1759 611 1821 dicit
635 1757 801 1822 Gaesarem
823 1759 904 1821 nihil
927 1758 1076 1840 effecisse,
1096 1758 1151 1821 sed
1170 1762 1258 1821 metu
1279 1757 1399 1821 Suevo-

274 1903 348 1946 rum
382 1902 451 1947 esse
480 1901 653 1946 reversum.
685 1883 808 1946 Verum
840 1888 896 1965 est,
928 1883 1013 1964 quod
1043 1883 1124 1944 nihil
1154 1881 1256 1946 effecit
1281 1883 1320 1963 l),
1344 1882 1400 1945 sed

277 2008 364 2091 quod
395 2007 574 2071 Suevorum
605 2012 693 2070 metu
716 2027 863 2071 reversus
887 2013 935 2072 est
957 2013 1022 2070 tam
1046 2008 1180 2070 stultum
1204 2012 1260 2088 est,
1283 2012 1320 2070 ut
1343 2007 1399 2070 vix

280 2131 405 2196 Caesari
427 2133 489 2215 ipsi
510 2131 607 2195 fidem
629 2132 827 2213 haberemus,
847 2134 873 2195 si
892 2133 953 2195 boc
968 2131 1061 2195 nobis
1074 2131 1251 2196 affirmaret.
1263 2132 1300 2195 In
1315 2151 1400 2195 oom-

278 2257 442 2320 mentariis
468 2258 498 2338 2)
522 2262 629 2320 autem
648 2256 785 2340 legimus
806 2276 880 2319 eum
900 2276 957 2340 per
976 2257 1190 2339 exploratores
1203 2256 1303 2320 Ubios
1315 2276 1399 2319 com-

276 2383 396 2464 perisse
420 2381 542 2446 Suevos
566 2401 676 2444 omnes
699 2382 827 2464 penitus
850 2382 890 2444 ad
910 2386 1069 2444 extremos
1089 2380 1169 2444 fines
1190 2399 1223 2443 se
1235 2381 1400 2464 recepisse,

277 2506 322 2569 ibi
347 2526 416 2570 esse
441 2507 554 2570 silvam
577 2506 701 2570 infinita
720 2507 950 2590 magnitudine,
968 2527 1049 2591 quae
1061 2508 1237 2591 appellatur
1246 2508 1399 2587 Bacenis3

277 2632 407 2726 adejus
430 2633 558 2695 initium
583 2632 681 2695 silvae
705 2631 826 2696 Suevos
850 2633 1023 2696 adventum
1046 2632 1264 2698 Romanorum
1288 2653 1401 2716 expec-

277 2762 343 2820 tare
372 2758 583 2820 constituisse.
615 2755 721 2831 Quare
753 2756 868 2820 Caesar
892 2760 921 2840 3)
944 2760 1084 2842 inopiam
1108 2759 1260 2823 frumenti
1279 2760 1400 2823 veritus

277 2901 343 2944 non
365 2881 493 2964 longius
514 2881 662 2964 progredi
685 2883 857 2945 constituit.
881 2882 942 2947 Sed
963 2885 1058 2947 etiam
1078 2885 1157 2948 aiiae
1177 2888 1401 2966 erantcausae,

278 3007 396 3090 quibus
429 3007 586 3070 adductus
611 3007 725 3071 Caesar
747 3007 932 3090 regionibus
957 3008 1199 3072 densississimis
1223 3014 1253 3072 et
1276 3009 1401 3073 silvosis

277 3134 396 3199 bellum
426 3153 536 3218 gerere
567 3135 671 3197 noluit
700 3154 772 3197 oum
796 3135 913 3217 populo
937 3134 1185 3198 bellicosissimo.
1206 3134 1401 3199 Prudentius

278 3265 345 3326 erat
376 3281 474 3343 quam
502 3265 539 3323 ut
562 3259 663 3322 Gaiiia
685 3259 830 3323 nondum
853 3264 971 3342 pacata,
994 3264 1031 3323 ut
1052 3260 1149 3343 probe
1173 3260 1298 3343 sciebat,
1321 3262 1402 3342 peri-

278 3385 425 3449 culosum
457 3390 487 3449 et
517 3385 650 3449 fortasse
681 3384 894 3469 longinquum
919 3384 1053 3449 alterum
1076 3385 1195 3449 beilum
1219 3387 1401 3468 susciperet.
1469 3399 1471 3404 ’

278 3509 316 3572 in
347 3511 453 3574 animo
485 3510 620 3574 habebat
649 3511 718 3574 loco
750 3510 812 3574 sibi
843 3530 945 3594 aequo
978 3512 1045 3574 acie
1075 3531 1149 3574 cum
1172 3511 1286 3576 Suevis
1311 3512 1402 3574 dimi-

278 3653 349 3698 care
379 3636 420 3716 4),
453 3635 712 3718 quandoquidem
737 3641 785 3700 sat
808 3635 870 3699 sibi
892 3654 1080 3719 persuasum
1104 3635 1239 3699 habebat
1261 3636 1294 3698 in
1319 3637 1402 3717 ejus-

278 3760 364 3822 modi
396 3759 515 3843 proeiio
550 3760 672 3825 Suevos
705 3760 858 3826 Romanis
888 3780 980 3845 pares
1009 3781 1076 3824 non
1105 3780 1184 3825 esse.
1215 3759 1277 3825 Sed
1300 3781 1402 3844 quum

283 3938 427 3948 *-

312 4042 607 4098 omasum

311 4133 605 4193 ammaum

310 4224 603 4283 amanum

310 4314 587 4380 umacus
