3424 5188
785 655 824 716 67

245 875 431 954 pugnarent.
465 869 589 945 Quibus
618 870 714 934 rebus
737 875 768 933 et
788 875 916 953 propter
939 868 1122 951 Germanos,
1147 889 1228 952 quos
1254 867 1368 933 Caesar

247 995 361 1057 auxilii
383 1014 480 1058 causa
502 1014 610 1058 secum
629 994 764 1057 habebat
774 993 1018 1076 Vercingetorix
1030 995 1134 1057 victus
1147 1000 1195 1057 est
1208 999 1240 1057 et
1252 993 1367 1058 Caesar

246 1121 411 1183 victoriam
440 1121 618 1204 reportavit.
653 1119 751 1203 Apud
782 1118 946 1183 Caesarem
980 1120 1010 1202 l)
1043 1123 1150 1182 autem
1184 1121 1367 1184 invenimus

246 1244 406 1308 Romanos
430 1265 448 1308 a
472 1244 570 1309 Gallis
592 1265 658 1308 non
681 1264 750 1308 esse
773 1243 993 1327 circumdatos,
1017 1245 1072 1308 sed
1095 1243 1202 1308 Gallos
1225 1247 1370 1328 equitatu

247 1371 401 1453 tripartito
432 1370 534 1433 diviso
561 1369 778 1432 Romanorum
802 1371 978 1452 equitatum
1002 1388 1072 1433 esse
1095 1389 1239 1453 agressos
1262 1374 1293 1434 et
1316 1370 1370 1433 ad-

248 1495 294 1558 dit
325 1497 453 1558 initium
487 1496 637 1558 victoriae
667 1514 736 1558 esse
755 1494 874 1558 factum
897 1515 916 1557 a
939 1493 1114 1577 Germanis
1138 1497 1193 1578 qui
1215 1516 1234 1558 a
1257 1496 1369 1559 dextro

247 1619 343 1684 latere
365 1639 528 1682 summum
547 1620 661 1703 jugum
686 1621 795 1682 nancti
817 1621 924 1683 hostes
946 1619 1016 1682 loco
1040 1619 1253 1703 depulsorunt.
1274 1619 1370 1684 Prae-

248 1751 332 1808 terea
355 1744 416 1808 Dio
441 1746 609 1828 depugna
631 1747 714 1808 inter
737 1750 819 1809 totos
842 1746 978 1808 exicitus
1001 1745 1368 1828 cogitaretidetur,dum

249 1889 290 1934 ex
322 1869 454 1933 Caesare
484 1875 607 1933 constat
628 1869 920 1954 Vercingetorigem
944 1871 1087 1952 equitatu
1110 1871 1204 1934 modo
1227 1891 1368 1954 pugnam

249 1997 452 2059 commisisse.
483 1995 616 2059 Minime
648 1997 732 2058 enim
756 1995 904 2059 credibile
927 2001 975 2060 est
999 1995 1164 2060 Caesarem
1185 2015 1313 2060 namara
1338 2017 1372 2060 se

250 2122 404 2183 minorem
438 2121 602 2183 victoriam
631 2125 807 2204 reportasse
841 2140 937 2202 quam
971 2139 1006 2183 re
1040 2139 1115 2183 vera
1149 2125 1369 2203 reportaverat.

250 2243 370 2327 Fugato
402 2245 500 2328 igitur
536 2244 698 2307 Gallorum
729 2245 881 2327 equitatu,
913 2264 976 2327 quo
999 2246 1139 2308 maxime
1162 2245 1369 2309 confidebant.

249 2370 492 2454 Vercingetorix
514 2372 620 2454 copias
639 2370 771 2433 reduxit
791 2372 1001 2452 protinusque
1020 2370 1173 2434 Allesiam
1192 2372 1252 2434 iter
1270 2371 1372 2435 facere

251 2477 361 2578 coepit*
383 2496 422 2558 de
445 2497 537 2577 cujus
561 2495 725 2559 obsidione
747 2493 809 2558 Dio
832 2515 897 2578 cap.
922 2495 964 2558 40
988 2496 1085 2578 hujus
1107 2495 1180 2558 libri
1204 2497 1275 2579 agit.
1300 2495 1374 2559 Una

248 2639 283 2683 re
317 2625 448 2703 excepta
482 2620 520 2683 de
554 2620 612 2682 hac
646 2620 810 2683 obsidione
839 2640 970 2703 prorsus
1006 2620 1115 2684 eadem
1145 2640 1181 2683 ac
1205 2619 1319 2684 Caesar
1342 2623 1372 2702 2)

250 2749 362 2807 narrat.
404 2744 656 2828 Vercingetorix,
699 2764 800 2826 quum
839 2745 946 2827 inopia
980 2744 1132 2808 frum0nti
1166 2751 1371 2828 premeretur,

251 2889 360 2934 omnes
390 2870 540 2932 mulieres
571 2888 607 2931 ac
629 2869 745 2932 liberos
767 2869 972 2952 reliquosque
994 2869 1076 2932 bello
1099 2869 1229 2932 inutiles
1253 2870 1369 2953 oppido

251 2994 373 3077 expulit
396 3013 534 3078 sperans,
557 2999 592 3056 ut
615 2994 691 3057 haec
714 2993 885 3057 multitudo
908 3014 927 3056 a
948 2992 1101 3058 Romanis
1121 2994 1256 3077 praedae
1280 3013 1375 3057 causa

251 3125 374 3204 recepta
397 3125 582 3184 servaretur.
607 3119 721 3184 Caesar
743 3125 850 3183 autem
870 3120 1031 3203 dispositis
1042 3121 1077 3182 in
1088 3120 1171 3183 vallo
1183 3119 1373 3183 custodibus

251 3265 304 3309 eos
337 3247 434 3329 recipi
467 3246 652 3329 prohibebat
675 3248 713 3325 3).
748 3245 788 3308 In
819 3247 1055 3310 commentariis
1088 3247 1138 3309 his
1169 3245 1265 3309 rebus
1296 3246 1376 3308 nihil

253 3373 381 3434 omnino
417 3371 551 3454 additur,
581 3371 638 3435 sed
669 3371 753 3455 apud
780 3369 917 3434 Diouem
939 3373 1123 3435 invenimus
1147 3371 1242 3434 hosce
1265 3389 1375 3434 omnes

252 3497 335 3559 intra
369 3497 520 3581 oppidum
550 3501 581 3560 et
608 3502 710 3560 castra
745 3497 920 3561 miserrime
950 3499 1089 3580 periisse.
1125 3495 1217 3572 Quod
1244 3496 1377 3560 fortasse

253 3642 365 3687 verum
396 3641 465 3686 esse
490 3627 602 3705 potest,
626 3621 769 3685 sednon
792 3622 963 3685 verisimile
985 3623 1117 3686 videtur.
1145 3621 1259 3685 Caesar
1283 3622 1377 3702 enim,
1408 3701 1414 3714 ἱ

253 3768 304 3813 me
334 3749 450 3831 judice,
479 3747 512 3810 id
546 3749 573 3811 si
602 3766 636 3810 re
665 3765 740 3810 vera
769 3746 888 3810 factum
920 3752 1003 3810 esset
1032 3764 1278 3810 commemorare
1302 3764 1376 3807 non

253 3875 454 3960 neglexisset.
476 3879 513 3936 ut
535 3873 764 3936 demonstraret
786 3877 904 3955 quanta
926 3871 1043 3936 ferocia
1065 3877 1095 3935 et
1113 3872 1269 3954 petinacia
1287 3868 1376 3944 Galli

258 4101 404 4112 ...-.....--

293 4215 599 4283 umacuma

291 4311 666 4371 amnunmam

294 4399 600 4465 amncuma
