3424 5188
598 1741 768 1806 CAPUT
802 1740 1101 1806 SECUNDUM.

756 2055 950 2064 ——n-n

334 2291 468 2355 Initium
496 2294 746 2375 eomparationis
779 2292 892 2356 faciam
928 2313 946 2354 a
981 2293 1081 2376 eapite
1114 2294 1276 2376 trigesimo
1311 2295 1413 2376 primo

292 2417 365 2480 h'bri
388 2419 542 2501 trigesimi
567 2419 669 2481 octavi
689 2437 707 2479 a
725 2416 817 2499 belle,
837 2418 922 2500 quod
940 2417 1139 2481 Caesareum
1151 2417 1306 2482 Helvetiis
1317 2419 1416 2501 gessit

293 2537 324 2607 e't
355 2543 467 2606 deinde
499 2543 609 2606 ordine
640 2547 742 2605 totum
773 2542 894 2606 bellum
926 2542 1084 2606 Gallicum
1106 2562 1289 2627 percurram
1312 2544 1415 2606 brevi-

293 2674 421 2751 temque
451 2688 609 2751 exponam
637 2669 672 2730 in
696 2668 815 2751 quibus
837 2668 933 2732 rebus
957 2668 1152 2749 dissentiant,
1175 2670 1209 2730 in
1233 2668 1415 2751 quibusque

293 2795 499 2857 consentiant.
534 2792 595 2856 Dio
630 2812 695 2876 cap.
731 2794 770 2856 31
808 2795 884 2857 dieit
912 2794 1077 2858 Helvetios
1107 2800 1233 2878 propter
1262 2800 1415 2878 augustos

292 2918 372 2982 fines
397 2916 581 3002 Orgetorige
602 2918 691 3000 duee,
715 2938 756 2983 ex
779 2920 863 3002 agris
888 2920 955 2982 suis
975 2920 1159 3000 excessisse,
1181 2939 1280 3002 quum
1302 2900 1416 2982 Caesar

294 3050 417 3128 praeter
448 3045 535 3108 illam
565 3045 659 3128 longe
681 3045 757 3109 alias
781 3065 893 3108 oausas
917 3029 1005 3108 affert
1027 3050 1058 3108 et
1081 3045 1175 3107 tradit
1198 3043 1416 3128 Orgetorigem

290 3173 356 3254 jam
369 3190 438 3235 esse
450 3175 622 3252 mortuum,
635 3191 734 3253 quum
748 3163 887 3234 Hel'vetii
899 3172 932 3233 in
945 3169 1079 3233 Galliam
1090 3169 1367 3252 proficiscerentur
1377 3170 1414 3250 i).

294 3297 460 3360 Praeterea
479 3295 540 3360 Dio
553 3297 723 3358 memoriae
737 3296 874 3378 prodidit
887 3294 1052 3358 Caesarem
1063 3295 1175 3378 legatis
1186 3294 1417 3376 Helvetiorum,

295 3423 351 3505 qui
381 3423 541 3505 petierunt
571 3426 607 3484 ut
635 3421 742 3484 iieeret
764 3423 824 3484 iter
845 3441 902 3504 per
924 3422 1123 3504 provinciam
1141 3420 1253 3500 faeere,
1276 3420 1416 3503 aliquam

295 3567 382 3630 spem
407 3547 540 3628 dedisse,
564 3567 627 3630 qua
650 3548 689 3610 de
711 3567 745 3611 re
767 3547 847 3609 nihil
870 3549 1054 3611 invenimus
1078 3546 1163 3630 apud
1187 3545 1352 3610 Caesarem
1376 3548 1419 3628 2),

295 3675 351 3756 qui
383 3673 458 3736 dicit
487 3693 520 3737 se
542 3674 654 3756 legatis
677 3674 894 3756 respondisse:
922 3673 1032 3752 „diem
1056 3692 1090 3737 se
1112 3672 1152 3736 ad
1176 3671 1415 3735 deliberandum

297 3803 519 3882 sumpturum:
540 3800 567 3862 si
588 3799 665 3881 quid
678 3799 795 3862 veilent
807 3799 847 3862 ad
859 3799 905 3861 Id.
918 3799 1017 3882 April.
1032 3797 1293 3862 reverterentur.”
1306 3796 1416 3862 Cetera

294 3926 329 3986 in
362 3925 422 3987 hoe
453 3925 554 4006 eapite
584 3942 659 3986 oum
691 3923 822 3988 Caesare
854 3925 1065 3988 consentiunt.
1089 3921 1223 3986 Nullum
1247 3923 1325 3985 mihi
1349 3941 1417 3986 esse

295 4100 439 4110 -—

330 4205 356 4264 l)
375 4205 410 4254 De
429 4206 457 4255 B.
477 4205 505 4253 G.
525 4205 544 4255 l.
563 4208 586 4252 4.

328 4297 353 4360 2)
372 4292 407 4344 De
427 4297 452 4344 B.
472 4297 500 4344 G.
521 4296 539 4344 l.
560 4295 582 4346 7.
