3424 5188
829 549 870 608 14

288 775 362 820 eum
393 757 499 820 locum
530 755 643 820 Dionis
665 759 700 819 in
725 777 788 839 quo
812 777 899 819 nunc
922 777 1088 821 versamur
1111 758 1167 821 sed
1189 760 1259 822 ideo
1281 761 1408 843 protuli,

288 887 325 946 ut
346 882 543 946 ostenderem
566 881 763 962 Eyssenhart
786 881 847 945 sibi
870 883 904 944 in
923 883 1043 964 Judi'cio
1068 883 1106 946 de
1130 885 1314 948 anctoritate
1333 883 1409 948 Dio-

288 1007 339 1071 nis
368 1027 434 1070 non
465 1004 735 1072 constaremus*
762 1009 789 1071 si
812 1026 925 1072 verum
948 1013 996 1071 est
1018 1006 1155 1072 Dionem
1178 1012 1244 1072 tam
1266 1011 1408 1094 egregios

287 1131 390 1196 fontes
415 1131 598 1196 adhibuisse
621 1151 751 1196 necesse
773 1137 829 1214 est,
851 1137 889 1195 nt
908 1152 1034 1196 summa
1054 1135 1225 1196 auctoritas
1246 1133 1276 1197 ei
1290 1133 1409 1197 tribua-

288 1263 349 1322 tur.
381 1257 474 1334 Quod
504 1258 722 1340 Eyssenhardt
752 1277 818 1321 non
843 1258 925 1322 fecit.
949 1257 999 1321 ita
1022 1261 1108 1322 enim
1129 1256 1247 1343 pergit:
1275 1259 1410 1340 „Damit

289 1384 348 1448 soii
377 1384 536 1447 natiiriich
565 1384 653 1447 nicht
676 1384 846 1467 geleugnet
869 1384 1005 1466 werden,
1030 1384 1103 1448 dasz
1128 1383 1213 1448 Dion
1237 1386 1281 1449 oft
1303 1406 1410 1471 genug

290 1510 372 1574 auch
411 1511 446 1574 111
487 1508 615 1574 Diesem
657 1509 741 1573 TeiIe
777 1510 880 1574 seiner
916 1508 1102 1572 Geschichte
1135 1507 1410 1595 Unrichtigkeiten

289 1634 455 1719 begangen
486 1634 562 1698 oder
585 1633 646 1698 den
668 1633 781 1698 Werth
803 1639 895 1717 guter
918 1633 1054 1698 Notizen
1077 1634 1178 1699 durch
1201 1637 1253 1699 ein
1276 1637 1410 1701 seichtes

290 1757 528 1823 Rdsonnement
547 1759 748 1842 geschwaicht
770 1759 831 1822 hat.
856 1757 934 1822 Wos
958 1759 1013 1822 das
1037 1765 1154 1824 erstere
1178 1760 1354 1844 ambetrifft,
1377 1782 1412 1826 so

291 1884 332 1947 ist
367 1901 400 1948 es
434 1903 460 1946 z.
492 1883 527 1946 B.
559 1884 716 1967 geradezn
745 1882 854 1965 falsch,
885 1883 959 1949 desa
986 1883 1155 1968 Orgetorix
1179 1885 1229 1948 die
1250 1885 1413 1950 Helvetier

292 2009 375 2072 heim
407 2008 561 2092 Ansziige
591 2009 696 2072 fbhrte
725 2009 787 2092 vgl.
817 2008 931 2072 Caesar
962 2009 1001 2074 de
1031 2009 1067 2073 B.
1099 2010 1135 2073 G.
1158 2011 1182 2073 Ι.
1207 2009 1258 2074 4.”
1282 2010 1353 2087 Qua
1376 2013 1414 2076 de

292 2153 389 2200 cansa
412 2135 470 2198 Ι1110
501 2133 668 2200 Caesarem
697 2137 861 2204 veritatem
892 2136 1014 2200 tradere
1043 2137 1198 2219 opinetur,
1221 2136 1413 2221 dumpau10

293 2263 365 2322 ante
395 2260 557 2323 contendit
587 2259 691 2324 solum
722 2258 857 2323 Dionem
887 2261 1036 2342 aperiisee
1059 2280 1166 2324 reram
1190 2279 1328 2343 causam,
1352 2281 1415 2344 qua

292 2384 431 2450 Helvetii
460 2387 595 2468 permoti
626 2405 667 2450 ex
697 2386 816 2450 finibus
840 2387 908 2449 suis
932 2387 1153 2468 excessissent,
1178 2386 1326 2469 equidem
1350 2406 1415 2449 non

293 2512 394 2576 video.
429 2511 500 2576 Nisi
529 2513 662 2576 fortasse
693 2513 768 2576 dicit
798 2512 849 2575 1110
878 2511 1020 2575 Caesaris
1043 2531 1107 2574 non
1130 2513 1283 2575 interesse
1305 2516 1416 2576 utrum

294 2657 369 2702 vera
403 2659 443 2705 an
474 2638 553 2702 falsa
585 2638 676 2720 dicat,
706 2639 771 2701 11110
802 2644 908 2702 autem
931 2659 988 2721 pro
1011 2638 1097 2700 fama
1119 2657 1178 2702 sua
1201 2642 1231 2701 01
1255 2638 1416 2700 existima-

295 2764 381 2828 tione
413 2765 547 2827 maximi
582 2783 651 2828 esse
685 2765 839 2827 momenti
874 2769 983 2827 utrum
1017 2761 1153 2826 Romani
1188 2762 1416 2826 arbitrarentur

294 2889 460 2953 Helvetios
488 2891 524 2952 in
554 2889 688 2952 Galbam
719 2909 788 2954 esse
819 2889 973 2972 profectos
1003 2895 1130 2973 propter
1160 2896 1314 2972 angustos
1337 2889 1417 2953 fines

297 3033 338 3078 an
361 3015 431 3078 aliis
455 3016 494 3078 de
516 3016 630 3078 causis.
655 3013 747 3090 Quod
769 3016 935 3098 perspicue
957 3014 1074 3079 faisnm
1098 3020 1153 3078 est.
1179 3013 1250 3090 Qua
1272 3014 1419 3078 decausa

297 3142 383 3205 enim
411 3141 541 3224 profecti
566 3141 630 3204 sint.
652 3141 733 3204 nihii
754 3141 922 3222 adtinebat,
947 3145 1023 3204 sunt
1045 3141 1175 3224 profecti
1199 3145 1230 3204 et
1253 3140 1419 3204 Caesarem

297 3272 459 3351 rogarunt,
480 3271 517 3330 ut
537 3267 646 3330 liceret
668 3267 728 3330 iter
750 3286 806 3349 per
827 3267 1023 3349 provinciam
1047 3266 1156 3330 facere.
1182 3265 1275 3341 Quod
1299 3267 1326 3330 si
1346 3286 1420 3330 con-

298 3394 408 3458 cedere
437 3395 541 3457 noluit
572 3393 690 3457 betium
713 3412 822 3477 gerere
845 3412 975 3457 necesse
999 3397 1065 3456 erat
1087 3397 1119 3456 01
1139 3394 1287 3474 majestas
1310 3393 1419 3475 popuii

297 3519 435 3583 Romani
467 3538 533 3582 non
566 3519 753 3602 patiebatur,
783 3523 821 3582 ut
850 3519 884 3581 id
915 3518 1100 3582 hominibus
1127 3518 1202 3582 feris
1226 3522 1257 3582 et
1279 3518 1421 3582 barbaris

299 3645 531 3725 concederetur.
563 3644 652 3708 Haec
675 3645 782 3708 omnia
803 3665 899 3727 quam
923 3645 1063 3708 maxime
1086 3643 1315 3707 confirmantur
1337 3662 1422 3706 com-

299 3771 460 3853 paratione
481 3771 628 3834 instituta
650 3771 733 3832 inter
753 3768 919 3833 Caesarem
941 3772 971 3832 et
990 3767 1135 3831 Dionem.
1156 3766 1271 3830 Caesar
1291 3768 1320 3849 1)
1337 3769 1422 3831 enim

301 3895 430 3958 omnino
453 3899 517 3958 tres
540 3914 653 3958 causas
675 3894 772 3976 affert,
797 3894 918 3978 quibus
938 3893 1077 3958 Helvetii
1096 3895 1231 3977 permoti
1251 3911 1292 3957 ex
1303 3893 1423 3958 finibus

302 4021 370 4084 suis
400 4021 612 4084 excessissent
644 4020 677 4082 1θ
711 4067 725 4100 „
736 4019 882 4102 perfacile
917 4037 997 4100 esse,
1028 4038 1103 4083 cum
1133 4019 1251 4082 virtute
1275 4018 1424 4082 omnibus

303 4185 449 4195 ...—

338 4277 587 4339 amnena
