3424 5188
666 548 892 628 -as

785 847 860 906 XVI.

260 1095 261 1100 ,
306 1028 413 1093 Cicero
437 1030 476 1093 ad
499 1029 570 1092 fam.
594 1027 686 1090 ΧΙΠἱ
713 1029 762 1090 19.
788 1030 826 1088 2;

304 1154 413 1218 Totam
436 1155 493 1218 tibi
517 1155 648 1218 domum
672 1153 868 1233 commendo,
891 1155 925 1215 in
947 1153 997 1216 hIs
1022 1153 1257 1216 adulescentem
1278 1153 1382 1216 filium
1509 1180 1512 1186 ¹

264 1280 342 1360 ejus,
367 1299 462 1362 quem
487 1278 518 1342 O.
542 1278 739 1343 Maenius.
759 1277 991 1360 Gemellus,
1014 1279 1112 1342 cliens
1125 1279 1382 1362 meus...adop-

260 1405 346 1467 tavit.

306 1528 388 1593 Cum
410 1529 503 1592 Klotz
527 1529 698 1612 legendum
721 1534 785 1592 est:
811 1527 842 1590 O.
867 1527 1039 1592 Memmius
1065 1528 1235 1592 Gemellus.

776 1738 868 1797 XVII.

305 1905 396 1969 Ovid.
420 1906 518 1989 Epist.
543 1925 584 1969 ex
606 1905 708 1968 Ponto
732 1904 772 1967 Π.
800 1904 826 1966 7.
851 1905 901 1967 43.
927 1924 1004 1986 sqq.:

394 2031 462 2095 Nec
484 2033 585 2114 magn's
608 2031 737 2094 assiduo
760 2049 870 2094 vomer
893 2034 1044 2094 tenuatur
1066 2029 1104 2091 ab
1128 2050 1200 2110 usu,

440 2155 507 2219 Nec
529 2157 630 2239 magis
655 2161 702 2218 est
725 2157 831 2218 curvis
855 2155 959 2238 Appia
982 2156 1056 2217 trita
1079 2157 1167 2236 rotie,

392 2281 524 2344 Pectora
547 2301 645 2362 quam
667 2299 739 2343 mea
761 2285 836 2343 sunt
861 2281 941 2344 serie
965 2285 1134 2342 caecata
1158 2280 1323 2342 malorum.

305 2406 405 2489 Lege:
431 2406 555 2469 calcata.

787 2591 895 2648 XVIII.

308 2769 397 2833 Ovid.
421 2769 510 2833 Trist.
534 2770 592 2832 III.
616 2773 645 2833 4.
671 2771 720 2834 69.
746 2791 831 2854 sqq.:

306 2895 398 2971 Quod
421 2899 573 2979 quoniam
596 2903 644 2961 est
667 2917 791 2981 anceps,
814 2900 897 2961 intra
920 2918 992 2961 mea
1014 2903 1141 2980 pectora
1164 2915 1325 2981 quemque

393 3021 631 3104 Adloquor,
654 3027 685 3086 et
707 3022 789 3085 nulli
813 3042 909 3086 causa
932 3024 1055 3086 timoris
1079 3042 1156 3086 ero.

303 3146 371 3210 Nec
393 3167 485 3210 meus
508 3148 625 3209 indicio
648 3148 807 3211 latitantes
830 3167 944 3212 versus
964 3150 1082 3211 amicos

389 3271 616 3335 Protrahit.
642 3271 772 3336 Occulte
799 3275 827 3336 si
851 3275 923 3355 quIs
946 3273 1079 3353 amabat,
1103 3278 1193 3336 amet.

300 3395 363 3459 Pro
390 3396 589 3480 „protrahit”
613 3395 785 3476 legendum
814 3397 1029 3479 „protrahet’'.

783 3605 860 3662 XIX.

302 3757 369 3820 Ltv.
394 3757 435 3820 X.
463 3759 499 3820 7:

303 3882 403 3964 Cujus
426 3884 575 3966 imaginis
599 3883 694 3946 titulo
718 3884 903 3947 consulatus
927 3904 1125 3967 censuraque
1150 3890 1181 3948 et
1202 3885 1385 3967 triumphus

257 4027 358 4089 aequo
387 4009 493 4070 animo
523 4008 647 4092 legitur,
678 4010 705 4071 si
729 4014 922 4091 auguratum
942 4015 997 4073 aut
1020 4009 1240 4092 pontificatum
1265 4009 1385 4090 adjace-

255 4132 333 4209 ntia,
357 4132 429 4213 qui
453 4131 657 4194 sustinebunt
679 4132 854 4214 legentium
879 4133 971 4194 oculi

301 4253 377 4316 Post
404 4247 509 4337 „qui”
534 4244 739 4318 Inserend'um
766 4255 887 4336 „non”
