3424 5188
909 578 950 638 30

367 783 563 866 pervenisset
587 784 625 863 1).
650 781 765 847 Caesar
787 789 888 848 eastra
912 787 1020 868 posuit
1038 787 1123 869 apud
1143 786 1264 850 flumen
1284 789 1433 851 Axonam
1448 791 1485 871 2),

368 908 423 972 sed
459 928 477 971 a
507 908 574 971 solo
605 906 709 972 Dione
738 909 873 973 traditur
903 929 979 974 eum
1008 910 1053 973 ibi
1075 911 1190 975 milites
1214 915 1402 976 exercuisse.
1426 911 1486 975 Dio

368 1032 482 1097 deinde
503 1035 548 1097 ita
568 1036 688 1118 pergit:
715 1053 847 1118 „neque
869 1037 959 1119 prius
983 1055 1082 1100 ausus
1102 1042 1151 1100 est
1168 1035 1323 1118 proelium
1345 1038 1486 1099 oommit-

368 1162 433 1221 tere
464 1178 561 1240 quam
580 1144 638 1221 'illi
669 1165 848 1244 contempto
879 1159 1019 1242 Caesare,
1049 1162 1165 1245 quippe
1194 1163 1250 1244 qui
1273 1181 1326 1226 eos
1349 1163 1487 1245 timebat,

367 1287 471 1348 conati
494 1290 570 1349 sunt
591 1291 720 1370 pontem
744 1306 897 1370 occupare
920 1305 1059 1370 eumque
1078 1287 1289 1350 intercludere
1309 1288 1487 1351 commeati-

367 1409 439 1492 bus,
462 1430 543 1493 quos
566 1430 623 1494 per
645 1430 720 1475 eum
741 1417 871 1495 pontem
894 1410 1488 1496 asociisaccipiebatssaesaratrans-

367 1507 453 1621 fugis
475 1539 572 1620 hujus
594 1540 641 1601 rei
664 1540 777 1602 certior
800 1539 903 1602 faetus
922 1544 1021 1602 nootu
1039 1539 1142 1603 levem
1161 1542 1353 1602 armaturam
1366 1538 1488 1620 equites

369 1681 432 1744 que
465 1662 612 1726 hostibus
645 1663 808 1726 immisit’'
839 1661 931 1738 Quod
961 1662 1022 1728 Dio
1050 1669 1157 1728 narrat
1188 1663 1227 1727 de
1256 1664 1368 1726 timore
1397 1662 1490 1746 plane

367 1787 479 1851 fiotum
502 1793 533 1851 et
555 1788 688 1852 fortasse
711 1794 876 1873 sumptum
896 1795 943 1852 est
961 1809 978 1852 e
998 1789 1103 1853 verbis
1124 1787 1266 1852 Caesaris
1285 1790 1332 1869 3):
1349 1837 1364 1868 ,
1377 1785 1490 1852 Caesar

368 1914 471 1996 primo
502 1918 533 1977 et
563 1918 690 1996 propter
713 1914 951 1978 multitudinem
973 1916 1114 1978 hostium
1137 1919 1168 1978 et
1189 1917 1316 1997 propter
1340 1914 1489 1976 eximiam

370 2039 550 2121 opinionem
581 2040 710 2102 virtutis
740 2041 859 2123 proelio
889 2041 1094 2124 supersedere
1118 2038 1257 2104 staurit.'’
1280 2036 1403 2102 Deinde
1419 2027 1490 2100 'non

248 2227 252 2244 ,
370 2183 388 2226 a
410 2164 584 2248 transfugis
608 2165 663 2228 sed
687 2185 705 2228 a
729 2162 847 2239 Quinto
869 2165 990 2229 Titurio
1011 2165 1123 2248 legate,
1144 2184 1239 2248 quem
1260 2163 1386 2227 castello
1403 2167 1490 2226 trans

369 2289 491 2354 fiumen
514 2291 664 2354 Axonam
686 2296 911 2375 praeposuerat
934 2293 965 2370 4)
990 2293 1104 2355 certior
1124 2290 1227 2354 faetus
1251 2295 1298 2353 est
1322 2291 1352 2370 5)
1377 2289 1491 2372 Belgas

370 2417 478 2478 oonari
497 2415 619 2480 flumen
639 2418 788 2499 trajicere.
808 2415 922 2499 Neque
939 2420 1036 2479 noctu
1048 2416 1153 2479 levem
1165 2419 1357 2478 armatruam
1369 2414 1492 2495 equites

371 2558 434 2622 que
462 2542 592 2622 trajecit,
621 2542 677 2604 sed
709 2541 849 2604 interdiu
873 2541 912 2618 6).
943 2540 1005 2604 Sed
1027 2541 1122 2624 paulo
1147 2541 1228 2621 ante,
1251 2559 1350 2622 quum
1375 2537 1492 2621 Belgae

371 2665 521 2748 oppidum
553 2665 674 2728 Bibrax
704 2671 931 2749 oppugnarent,
962 2666 1001 2728 de
1023 2665 1127 2728 media
1149 2669 1243 2727 noete
1266 2664 1369 2727 levem
1393 2683 1493 2725 anna-

371 2796 476 2854 turam
512 2791 625 2874 oppido
660 2792 782 2854 auxilio
812 2793 900 2855 misit
932 2792 961 2872 7)
994 2796 1025 2854 et
1055 2792 1115 2854 hoo
1143 2791 1275 2854 fortasse
1298 2788 1435 2853 Dionem
1458 2790 1493 2851 in

371 2935 510 2980 errorem
532 2917 668 2980 induxit.
694 2915 782 2992 Quae
805 2917 945 2980 secundo
969 2917 1070 3000 eapite
1092 2917 1178 3000 apud
1199 2914 1335 2979 Dionem
1354 2935 1494 2998 sequun-

371 3047 433 3123 tur,
466 3043 584 3106 multos
607 3041 757 3105 barbaros
780 3061 816 3106 eo
838 3043 957 3125 proelio
981 3061 1051 3105 esse
1073 3060 1181 3105 caesos
1205 3059 1324 3123 eosque
1348 3040 1495 3122 sequenti

372 3173 465 3231 noete
496 3187 606 3231 omnes
638 3168 769 3230 domum
801 3187 871 3232 esse
897 3167 1062 3252 profectos,
1084 3167 1268 3249 praesertim
1292 3167 1368 3263 quia
1391 3165 1497 3228 Aedui

372 3293 406 3354 in
440 3312 532 3376 agros
564 3311 641 3356 suos
668 3293 821 3376 irrupisse
851 3292 1090 3375 nuntiabantur,
1121 3293 1228 3356 omnia
1250 3290 1362 3354 eodem
1385 3290 1496 3352 ordine

371 3416 456 3498 apud
480 3415 699 3498 saesdema)
724 3421 906 3480 occurrunt.

377 3579 523 3594 —1—

409 3674 677 3739 nmnuua

407 3766 435 3826 2)
453 3766 482 3816 Ι).
501 3764 527 3816 Ο.
546 3764 655 3813 XXXIX.
675 3766 697 3813 l.
715 3763 783 3815 Caes.
801 3764 830 3812 de
848 3766 875 3813 B.
893 3765 922 3814 G.
942 3764 974 3814 11.
996 3767 1018 3813 b.

407 3856 679 3920 amnena

406 3946 673 4013 DMDDUX

408 4038 695 4100 qmauuuo

408 4129 692 4195 qmnoum

410 4218 675 4281 DMRDHX

409 4311 694 4373 ammaum
