3424 5188
840 551 882 613 48

314 766 440 826 10000111.
477 759 628 844 Superest
663 761 813 843 quaestio
845 759 931 822 unde
962 778 1049 822 error
1079 759 1164 842 apud
1186 758 1323 823 Dionem
1347 764 1435 823 ortus

315 889 363 950 sit.
393 885 484 970 Legit
507 906 552 968 00,
575 903 657 968 quae
681 884 795 948 Caesar
818 887 943 968 scripsit
966 885 1005 948 de
1027 904 1063 948 e0
1088 885 1138 948 die
1162 886 1200 966 l),
1225 905 1327 968 quum
1351 884 1435 948 Brit-

315 1012 404 1074 tanni
425 1016 497 1094 post
515 1015 732 1093 tempestatem
753 1009 833 1073 duce
854 1005 1090 1074 Cassiuellauno
1109 1009 1149 1072 ad
1172 1015 1275 1074 eastra
1292 1009 1437 1073 Romana

314 1133 562 1198 contenderunt:
597 1133 732 1214 „Nostri
762 1133 912 1197 omnibus
935 1133 1079 1217 partibus
1103 1135 1281 1216 superiores
1304 1133 1437 1198 fuerunt

315 1262 411 1340 atque
434 1277 488 1322 eos
511 1259 546 1320 in
570 1258 666 1322 silvas
690 1259 850 1340 collesque
874 1258 1113 1340 compulerunt3
1139 1259 1195 1322 sed
1218 1258 1437 1341 compluribus

314 1382 487 1446 interfectis
528 1383 729 1466 cupidius
771 1385 961 1448 insecuti
995 1383 1229 1447 nonnullos
1265 1402 1314 1447 ex
1348 1385 1438 1448 suis

317 1506 580 1572 amiserunt.'’
610 1507 674 1571 Ubi
705 1509 731 1572 si
763 1527 804 1571 ex
827 1527 915 1572 more
937 1506 1050 1571 Dionis
1073 1508 1309 1598 nonnullos
1331 1513 1438 1572 mutas

316 1636 351 1697 in
373 1635 530 1699 multos
552 1634 649 1708 habes
672 1653 717 1716 ea,
742 1653 823 1717 quae
845 1638 953 1697 narrat
975 1634 1014 1698 de
1038 1634 1158 1716 proelio
1179 1640 1252 1699 ante
1272 1640 1439 1718 tempesta·

317 1766 389 1824 tem.
421 1759 510 1835 Quae
541 1760 580 1824 de
602 1760 720 1842 proelio
743 1765 814 1843 post
838 1764 1056 1843 tempestatem
1082 1780 1244 1843 navesque
1267 1781 1286 1824 a
1309 1760 1440 1826 Caesare

318 1885 449 1949 refectas
482 1884 577 1948 tradit
602 1905 668 1948 non
690 1885 791 1948 11111110
815 1884 931 1948 melius
956 1903 1025 1948 sese
1047 1884 1170 1948 habent.
1194 1883 1279 1948 Dicit
1300 1887 1440 1969 primum

319 2029 422 2093 aequo
453 2010 555 2074 Marte
585 2029 654 2074 esse
684 1983 863 2094 pugnatum
893 2015 1057 2094 propterea
1086 2011 1171 2093 quod
1192 2009 1329 2074 Romani
1350 2014 1440 2076 initio

225 2135 227 2140 ’
318 2155 446 2220 pugnae
486 2136 613 2200 insolito
654 2153 769 2219 genere
810 2155 937 2218 pugnae
979 2149 1069 2199 eum
1087 2136 1253 2200 essedariis
1286 2138 1442 2221 perterriti

320 2261 434 2324 deinde
456 2260 689 2343 intercapedine
711 2261 794 2323 inter
816 2260 943 2324 ordines
966 2260 1056 2342 faeta,
1074 2262 1304 2343 praetermissis
1323 2262 1442 2326 essedis

321 2406 363 2450 ex
385 2391 566 2448 transverso
588 2386 623 2448 in
646 2385 752 2449 hostes
771 2385 1044 2468 praetervehentes
1061 2385 1200 2467 jaculati,
1220 2405 1360 2469 pugnam
1378 2406 1443 2450 res-

320 2513 484 2575 tituerunt.
504 2509 553 2574 De
572 2509 690 2592 quibus
710 2509 805 2574 rebus
826 2510 911 2592 apud
932 2508 1097 2574 Gaesarem
1117 2513 1148 2592 2)
1168 2512 1248 2574 nihil
1260 2513 1443 2575 invenimus

320 2641 443 2721 praeter
464 2637 524 2720 hpo
546 2635 706 2700 Romanos
726 2634 765 2698 ab
786 2635 952 2699 essedariis
975 2655 1045 2699 0000
1057 2636 1256 2720 perturbatos
1269 2638 1324 2701 sed
1339 2642 1445 2702 tamen

322 2783 423 2846 aequo
446 2761 548 2826 Marte
570 2781 639 2826 esse
661 2766 847 2845 pugnatum.
872 2759 1008 2844 Reliqua
1030 2761 1069 2826 de
1088 2762 1181 2826 modo
1201 2767 1296 2846 atque
1315 2765 1444 2845 ratione,

324 2907 388 2970 qua
417 2907 558 2972 pugnarn
588 2887 797 2950 restituerunt
827 2905 846 2948 a
875 2885 979 2949 Dione
1006 2885 1080 2949 ficta
1101 2887 1251 2951 videntur
1273 2888 1359 2970 quod
1380 2889 1444 2972 ple·

323 3031 462 3095 rumque
484 3012 559 3075 facit
579 3013 613 3074 irr
635 3012 762 3094 proeliis
786 3010 1001 3075 describendis
1024 3017 1062 3075 ut
1080 3013 1147 3094 jam
1170 3032 1267 3095 supra
1284 3015 1319 3075 in
1338 3034 1446 3097 pugna

325 3158 398 3202 cum
422 3137 583 3200 Ariovisto
607 3142 638 3200 et
659 3137 693 3199 in
716 3155 825 3220 pugna
846 3137 953 3200 navali
975 3155 1049 3200 oum
1071 3137 1203 3202 Venetis
1226 3138 1374 3202 vidimus.
1398 3138 1446 3202 De

325 3286 442 3350 pugna
465 3285 546 3349 quae
568 3269 693 3348 postero
717 3265 767 3328 die
788 3264 870 3327 facta
891 3268 947 3346 est,
970 3263 1031 3327 Dio
1055 3265 1130 3346 (cap.
1156 3265 1186 3346 3)
1209 3283 1309 3348 paene
1325 3270 1446 3328 contra·

326 3394 410 3455 rium
444 3392 570 3474 scripsit
602 3410 722 3472 eorum,
758 3409 839 3473 quae
869 3390 954 3473 apud
986 3389 1151 3455 Gaesarem
1180 3390 1340 3474 leguntur,
1362 3387 1448 3455 Dicit

327 3517 511 3580 Brittannos
543 3517 659 3580 vicisse
691 3515 812 3599 pedites
847 3514 1065 3580 Romanorum
1099 3515 1154 3578 sed
1185 3516 1285 3579 victos
1319 3534 1388 3579 0000
1410 3514 1448 3578 ab

327 3641 497 3724 equitibus,
530 3642 609 3706 dum
643 3641 728 3724 apud
762 3639 927 3705 Caesarem
960 3642 990 3726 3)
1021 3641 1176 3724 legimus:
1212 3639 1347 3719 „Nostri
1375 3643 1448 3722 (tres

326 3768 467 3852 legiones
496 3767 669 3853 pabulandi
698 3787 796 3832 causa
825 3786 842 3831 0
871 3768 982 3831 castris
1010 3765 1176 3849 profectae)
1201 3767 1448 3831 0011101100οο

332 3971 477 3982 -ι--ι-

365 4099 642 4165 000010

365 4190 704 4257 0000100

365 4281 649 4347 amanum
