3424 5188
879 611 920 672 66

341 821 416 884 Jam
448 821 538 884 vides
569 819 734 885 Caesarem
752 839 875 904 -neque
905 825 1055 884 conatum
1078 840 1148 884 csse
1171 821 1302 884 Aeduos
1325 823 1462 905 aggredi,
1552 802 1556 809 ’

339 966 446 1030 neque
478 949 538 1010 iter
560 946 672 1010 fecisse
694 948 729 1009 in
750 945 920 1030 Lingones,
942 967 1047 1030 neque
1069 966 1135 1009 non
1158 948 1319 1028 trajecisse
1341 947 1463 1012 flumen

339 1071 492 1156 Ligerem.
518 1071 563 1135 Ut
586 1070 712 1135 Caesari
732 1073 826 1134 etiam
847 1073 948 1155 magis
969 1071 1111 1135 crederes
1132 1077 1292 1154 praeterea
1309 1075 1463 1156 omnium,

340 1216 423 1280 quae
441 1196 523 1278 fecit,
546 1197 684 1260 rationes
703 1196 841 1260 reddidit
860 1197 968 1260 dicens
981 1217 1015 1260 sc
1026 1197 1103 1259 haec
1115 1199 1257 1260 maxime
1269 1217 1306 1260 ea
1317 1198 1356 1262 de
1367 1219 1464 1262 causa

339 1323 461 1404 fecisse,
494 1322 580 1405 quod
615 1321 763 1403 abjuncto
795 1321 934 1385 Labieno
965 1326 1061 1404 atque
1088 1323 1128 1385 iis
1159 1322 1348 1405 legionibus
1381 1344 1462 1406 quas

343 1469 410 1534 una
439 1450 577 1529 miserat,
604 1448 808 1511 vehementer
829 1447 960 1511 timebat
984 1448 1023 1528 1),
1047 1446 1132 1530 quod
1155 1449 1206 1510 sin
1230 1446 1327 1510 dubio
1350 1467 1502 1511 verum·
1568 1509 1571 1514 .
1659 1509 1662 1514 ,

340 1578 395 1638 est.
431 1571 520 1648 Quae
550 1571 611 1634 Dio
645 1573 680 1634 in
712 1571 825 1634 ultima
854 1577 943 1654 parte
971 1572 1069 1652 hujus
1091 1573 1201 1654 capitis
1224 1577 1331 1634 narrat
1354 1572 1393 1636 de
1413 1575 1462 1654 iic,

342 1717 425 1781 quae
447 1719 466 1760 a
488 1696 627 1760 labieno
649 1701 738 1780 gesta
761 1700 836 1760 sunt
859 1717 878 1758 a
900 1694 1032 1759 Caesare
1052 1699 1083 1778 2)
1107 1696 1312 1760 affirmantur.

385 1821 474 1898 Quae
505 1822 590 1906 apud
620 1821 755 1885 Dionem
787 1841 853 1904 cap.
885 1823 926 1883 39
948 1821 1094 1904 legimus,
1117 1823 1186 1905 ipse
1209 1822 1285 1885 dicit
1309 1828 1382 1886 ante
1403 1821 1461 1885 La·

339 1950 426 2013 bieni
456 1951 620 2012 victoriam
652 1967 721 2011 esse
752 1948 841 2029 facta,
869 1947 925 2010 sed
949 1946 1080 2010 Caesare
1105 1949 1134 2027 3)
1160 1953 1288 2010 auctore
1308 1953 1381 2031 post
1403 1946 1461 2010 La·

339 2074 426 2138 bieni
458 2074 598 2138 reditum
628 2073 709 2135 facta
740 2076 823 2136 sunt.
853 2071 968 2134 Narrat
997 2071 1289 2155 Vercingetorigem
1321 2074 1461 2136 victoriis

341 2199 459 2263 elatum
491 2197 657 2262 Caesarem
691 2199 918 2281 contempsisse
941 2203 972 2260 et
995 2217 1032 2260 ea
1054 2198 1093 2260 dc
1116 2217 1213 2261 causa
1234 2197 1460 2282 Allobrogibus

340 2325 460 2388 bellum
494 2323 650 2405 intulisse,
685 2323 740 2386 sed
774 2323 853 2386 nihil
888 2342 930 2385 ex
959 2324 1009 2386 his
1042 2342 1156 2387 verum
1186 2342 1256 2387 esse
1290 2325 1460 2387 invenitur.
1569 2385 1573 2391 .
1699 2299 1700 2392 l

340 2450 448 2514 Primo
480 2449 645 2513 Caesarem
673 2468 738 2511 non
768 2447 1008 2529 comtemnebat,
1032 2448 1114 2510 dixit
1136 2449 1221 2511 enim
1245 2449 1276 2529 4)
1300 2467 1334 2528 se
1356 2467 1462 2530 neque
1545 2441 1549 2448 ’

340 2576 501 2639 somonam
530 2593 600 2638 esse
627 2577 855 2656 temptaturum
878 2591 982 2655 neque
1001 2574 1036 2634 in
1058 2574 1124 2636 acie
1147 2572 1383 2654 dimicaturum,
1406 2573 1462 2637 sed

340 2702 492 2783 quoniam
516 2698 659 2762 abundat
681 2699 825 2781 equitatu
843 2697 990 2781 perfacile
1014 2717 1083 2762 esse
1101 2698 1188 2761 factu
1207 2698 1462 2762 frumentationi-

338 2825 401 2888 bus
435 2822 756 2907 pabulationibusque
786 2822 947 2886 Romanos
977 2822 1143 2906 prohibere
1174 2829 1205 2887 et
1229 2844 1265 2887 eo
1289 2825 1383 2887 modo
1406 2843 1463 2908 per

339 2955 441 3014 totum
475 2969 598 3022 annum
619 2948 740 3012 bellum
760 2950 866 3031 gessit.
890 2947 1013 3012 Deinde
1035 2969 1102 3012 non
1125 2951 1250 3032 ipsein
1272 2949 1462 3033 Allobroges

338 3075 498 3158 profectus
529 3079 585 3156 est,
615 3074 671 3137 sed
693 3073 824 3136 Aeduos
843 3073 936 3154 jubet
957 3075 997 3136 iis
1024 3073 1139 3136 bellum
1162 3073 1278 3136 inferre
1302 3075 1342 3153 4).
1369 3073 1462 3150 Quod

339 3203 485 3283 sequitur
509 3199 672 3264 Caesarem
695 3201 731 3262 in
752 3199 833 3264 fines
856 3199 1077 3282 Sequanorum
1100 3202 1227 3264 venisse
1249 3200 1359 3282 ibique
1378 3203 1463 3265 inter

338 3345 392 3389 cos
424 3344 493 3390 esse
526 3331 713 3408 pugnatum,
736 3327 831 3388 etiam
861 3327 895 3388 in
918 3327 1151 3389 commentariis
1176 3327 1205 3407 5)
1235 3326 1382 3409 legimus,
1406 3327 1462 3390 sed

340 3451 378 3514 de
428 3451 523 3514 modo
578 3454 673 3532 atque
717 3451 840 3514 ratione
883 3470 1010 3534 pugnae
1054 3455 1119 3514 toto
1165 3451 1251 3514 coelo
1297 3452 1381 3515 inter
1426 3471 1461 3515 se

339 3575 496 3640 differunt
530 3575 645 3639 Narrat
666 3574 727 3639 Dio
761 3575 1053 3660 Vercingetorigem
1077 3576 1322 3640 circumdedisse
1345 3576 1461 3639 Roma·

338 3719 406 3782 nou,
441 3701 497 3764 sed
530 3719 567 3763 ea
599 3719 634 3763 re
667 3719 721 3763 eos
749 3702 898 3784 coegisse,
921 3705 958 3763 ut
974 3701 1190 3784 desperatione
1209 3701 1320 3764 salutis
1339 3699 1462 3764 fortiter

342 3881 486 3888 ...fi-u...-

374 3995 397 4055 1)
417 3995 451 4043 De
470 3995 497 4042 B.
515 3995 544 4043 G.
564 3994 618 4043 Vll.
639 3995 678 4042 56.

373 4086 397 4146 2)
416 4087 450 4134 Dc
468 4086 495 4134 B.
513 4085 542 4134 G.
562 4083 622 4132 Vllr
642 4083 749 4135 57-62.

373 4178 398 4238 3)
417 4177 452 4225 De
469 4176 497 4225 B.
515 4175 545 4224 G.
566 4175 622 4222 Vll.
642 4175 674 4222 62
692 4191 741 4238 sqq.
844 4221 846 4224 ,

374 4271 398 4327 d)
417 4267 451 4316 De
470 4268 497 4315 B.
516 4266 545 4315 G.
564 4265 618 4315 Vll.
638 4267 677 4314 64.

376 4358 399 4423 5)
415 4359 449 4407 De
468 4358 496 4406 B.
514 4358 542 4408 G.
562 4357 619 4405 Vll.
639 4357 679 4404 66.
