3424 5188
788 591 827 650 75

243 801 421 863 ciscrimine
441 801 605 883 pugnavit,
617 817 751 881 eamque
766 802 894 882 gentem
908 798 1031 879 delevit,
1044 817 1126 881 quae
1136 798 1257 861 bellum
1268 800 1367 882 gessit

244 925 344 988 donec
373 944 415 988 ex
449 927 614 1008 sexaginta
636 924 767 988 milibus
789 929 979 988 armstorum
1004 926 1135 987 trecenti
1156 930 1367 1008 superessent,

243 1071 284 1114 ex
319 1052 477 1114 sexcentis
509 1050 707 1114 senatoribus
730 1055 794 1113 tres
817 1053 943 1113 tantum
965 1049 1165 1131 evaderent'’,
1188 1049 1283 1132 quod,
1307 1069 1366 1112 nu·

243 1195 330 1239 mero
365 1180 578 1238 trecentorum
610 1179 741 1258 excepto
772 1175 866 1259 plane
890 1193 963 1237 cum
990 1173 1122 1237 Caesare
1148 1174 1177 1254 1)
1201 1175 1367 1254 consentit,

245 1302 301 1383 qui
334 1300 410 1362 dicit
446 1301 637 1382 quingentos
671 1305 807 1362 armatos
846 1299 1037 1363 Nerviorum
1070 1297 1273 1383 superfuisse
1306 1296 1368 1360 Sed

244 1443 309 1488 non
337 1426 446 1508 magni
479 1425 632 1488 momenti
662 1429 710 1488 est
743 1425 801 1489 hos
831 1443 983 1488 numeros
1014 1425 1098 1486 inter
1126 1441 1180 1486 eos
1203 1441 1268 1484 non
1294 1441 1367 1484 con-

243 1552 361 1631 venire,
395 1550 481 1633 quod
513 1554 636 1613 veteres
669 1550 811 1612 historici
840 1551 875 1611 in
909 1549 959 1612 his
993 1568 1120 1631 perraro
1153 1549 1365 1610 consentiunt.

245 1675 437 1738 Plutarchus
461 1676 492 1756 2)
516 1693 541 1738 e.
553 1695 582 1757 g.
606 1674 681 1737 dicit
704 1676 871 1758 sexaginta
893 1674 981 1737 milia
1004 1679 1196 1737 armatorum
1219 1676 1250 1734 et
1275 1671 1368 1753 quin-

244 1806 356 1883 gentos
391 1805 551 1864 senatores
585 1799 776 1863 Nerviorum
809 1799 908 1864 fuisse
942 1804 973 1863 et
1004 1799 1199 1882 superfuisse
1231 1802 1368 1860 armatos

244 1928 445 2010 quingentae,
475 1931 635 1990 senatores
665 1931 737 1990 tres.
761 1926 863 1990 Multo
885 1927 992 1989 minus
1017 1945 1111 2008 quam
1137 1945 1211 1988 cum
1236 1923 1368 1987 Caesare

243 2052 278 2112 in
300 2051 350 2113 his
372 2048 483 2114 Livius
506 2071 580 2114 cum
603 2049 706 2114 Dione
730 2053 760 2132 3)
784 2053 948 2132 consentit,
972 2053 1029 2133 qui
1051 2051 1113 2114 aba
1135 2069 1171 2113 ac
1192 2049 1304 2113 Iivius
1328 2069 1369 2113 ex

249 2174 380 2240 Caesare
404 2177 549 2258 sumpsit,
571 2176 632 2238 alia
656 2177 769 2240 omisit.
1297 2247 1302 2255 ¹

290 2298 394 2363 Locus
430 2299 508 2362 alter
540 2299 657 2384 legitur
689 2299 756 2364 Lib.
789 2300 894 2364 GVH:
930 2349 944 2382 „
957 2300 988 2364 G.
1021 2301 1143 2382 Caesar,
1170 2301 1313 2365 Treveris
1334 2303 1368 2362 in

248 2403 349 2487 Gallia
372 2426 474 2506 victis,
494 2426 609 2488 iterum
628 2427 664 2487 in
683 2424 886 2488 Germaniam
905 2428 1039 2507 transiit,
1058 2426 1212 2508 nuiloque
1223 2425 1268 2488 ibi
1280 2426 1370 2489 hoste

245 2551 375 2614 invento
398 2569 546 2614 reversus
568 2552 600 2613 in
627 2550 760 2614 Galliam
784 2551 952 2616 Eburones
976 2557 1007 2615 et
1028 2553 1105 2616 alias
1125 2553 1276 2632 civitates,
1289 2570 1370 2633 quae

248 2679 513 2760 conspiraverant,
541 2679 617 2740 vicit
647 2681 678 2742 et
699 2697 806 2761 regem
829 2678 1048 2762 Ambiorigem
1070 2680 1104 2740 in
1126 2677 1202 2761 fuga
1224 2696 1370 2760 persecu-

247 2806 299 2866 tus
323 2801 410 2882 est;’'
442 2821 524 2885 quae
547 2807 691 2865 accurate
714 2821 787 2865 cum
812 2801 944 2866 Caesare
968 2803 1008 2883 4),
1032 2822 1096 2865 non
1120 2821 1194 2865 cum
1215 2800 1319 2865 Dione
1340 2803 1369 2881 5)

247 2926 457 2990 consentiunt.
483 2925 597 2988 Gaesar
620 2927 705 2988 enim
730 2925 805 2989 dicit
829 2945 863 2988 se
886 2944 955 2990 esse
978 2945 1151 3006 reversum,
1175 2927 1260 3008 quod
1273 2925 1370 2990 Sueri

145 3121 148 3124 ,
248 3068 281 3112 se
303 3048 344 3112 ad
367 3054 526 3113 extremos
546 3068 621 3113 suos
644 3049 725 3112 fines
748 3055 930 3132 receperant
952 3055 1048 3132 atque
1070 3050 1116 3113 ibi
1134 3049 1295 3114 Romanos
1315 3070 1370 3114 ex-

248 3159 387 3255 spectare
415 3174 653 3254 constituerant,
678 3173 764 3256 quod
785 3174 870 3236 idem
893 3179 941 3237 est
964 3193 1001 3236 ac
1024 3175 1109 3257 quod
1131 3173 1242 3238 Livius
1265 3181 1372 3237 narrat

247 3315 321 3360 eum
344 3296 433 3359 nullo
457 3297 547 3360 hoste
569 3299 603 3359 in
628 3296 798 3360 Germania
819 3299 950 3361 invento
973 3300 1008 3360 in
1033 3298 1166 3362 Galliam
1187 3318 1372 3363 esserever-

248 3441 335 3502 sum,
359 3421 421 3484 Dio
443 3427 554 3485 contra
573 3423 735 3486 contendit
755 3442 828 3486 eum
849 3422 1027 3487 Suevorum
1047 3429 1136 3487 metu
1148 3443 1190 3486 ex
1203 3423 1372 3487 Germania

248 3546 428 3610 decessisse.
452 3545 576 3610 Deinde
595 3547 678 3629 apud
698 3545 833 3610 Dionem
855 3549 1038 3611 invenimus
1052 3547 1217 3611 Gaesarem
1229 3550 1371 3632 primum

248 3672 466 3756 Ambiorigem
497 3691 566 3736 esse
588 3678 802 3755 persecutum,
827 3678 905 3735 tunc
930 3673 1164 3756 expeditionem
1184 3674 1218 3735 in
1243 3673 1372 3738 Germa-

254 3841 397 3850 ..ι-...-

285 3945 307 4004 1)
326 3943 361 3991 De
380 3944 407 3992 B.
426 3944 453 3992 G.
474 3944 579 3992 22-21.

282 4035 306 4099 2)
324 4035 389 4107 Piut.
408 4035 475 4085 Caes.
495 4035 534 4084 20.

283 4126 307 4190 3)
325 4126 354 4176 D.
373 4124 399 4175 C.
418 4126 527 4174 XXXIX.
547 4128 568 4174 3.
587 4125 635 4174 vid.
654 4125 726 4188 hujus
744 4126 800 4175 diss.
818 4142 871 4191 pag.
893 4128 932 4175 32.

283 4217 308 4280 4)
327 4217 362 4265 De
380 4218 407 4266 B.
426 4217 455 4266 G.
475 4217 516 4264 vl.
536 4217 625 4275 9-10,
644 4218 750 4265 29-43.

285 4309 309 4368 5)
327 4307 356 4355 D.
375 4305 403 4355 C.
423 4307 471 4366 XL,
491 4307 530 4356 32.
