3424 5188
868 499 911 560 44

334 708 461 770 veniam
488 708 656 789 petienmt.
688 704 802 770 Caesar
824 726 878 770 eos
900 708 1033 771 retinuit
1054 710 1085 770 et
1105 705 1269 788 respondit
1291 725 1325 770 se
1347 705 1455 789 paullo

334 835 407 914 post
435 832 475 895 iis
506 850 696 915 responsum
727 851 797 896 esse
827 833 986 914 daturum,
1017 832 1073 896 sed
1095 832 1195 895 nihilo
1219 833 1327 896 minus
1350 835 1457 897 statim

335 962 454 1021 eeteros
486 975 656 1040 aggressus
685 963 741 1039 est,
761 977 815 1022 eos
837 959 915 1021 vioit
939 962 970 1022 et
990 958 1159 1040 plerosque
1181 956 1345 1021 interfecit
1368 955 1457 1021 Haeo

335 1084 442 1146 omnia
472 1102 491 1146 a
522 1082 654 1147 Caesare
679 1083 708 1165 1)
741 1082 948 1165 affirmantur,
972 1083 1028 1149 sad
1052 1083 1139 1147 addit
1160 1084 1296 1165 majores
1318 1087 1397 1147 natu
1421 1102 1458 1147 ea

335 1209 374 1273 de
404 1228 502 1273 eausa
531 1209 569 1272 ad
598 1228 673 1273 eum
700 1210 835 1291 venisse,
858 1214 895 1273 ut
918 1227 952 1273 se
973 1212 1146 1292 purgarent
1168 1212 1208 1290 et,
1231 1209 1259 1272 si
1282 1207 1359 1291 quid
1381 1227 1453 1290 pos-

335 1339 406 1398 sent
436 1334 475 1400 de
503 1334 637 1398 indutiis
668 1333 805 1398 fallendo
836 1335 1049 1419 impetrarent,
1073 1337 1110 1396 ut
1131 1333 1229 1396 tridui
1250 1351 1340 1395 mora
1361 1333 1457 1396 inter-

335 1432 438 1543 posita
468 1460 591 1542 equites
622 1477 733 1522 eorum
764 1463 998 1522 reverterentur
1028 1459 1068 1540 2),
1099 1476 1179 1540 quos
1203 1457 1324 1540 aliquot
1347 1455 1458 1520 diebus

336 1588 409 1647 ante
438 1582 610 1669 praedandi
638 1582 919 1666 frumentandique
951 1602 1048 1646 oausa
1070 1583 1110 1646 ad
1132 1581 1349 1646 Ambivaritos
1370 1585 1458 1646 trans

335 1707 457 1772 Mosam
492 1709 644 1772 miserant
675 1709 714 1788 3).
748 1707 867 1772 Utrum
901 1726 935 1771 re
966 1726 1043 1771 vera
1068 1707 1242 1790 majoribus
1274 1713 1352 1772 natu
1383 1706 1459 1770 Ger-

335 1853 504 1897 manorum
537 1833 634 1897 fidem
668 1853 732 1897 non
767 1833 904 1916 haberet,
938 1853 1001 1897 non
1037 1832 1128 1897 facile
1164 1833 1336 1916 quisquam
1369 1833 1458 1896 inve·

338 1959 413 2039 niet,
448 1959 504 2022 sed
538 1959 765 2041 unusquisque
794 1959 944 2022 oonoedet
975 1977 1049 2022 omn
1079 1978 1143 2021 non
1174 1960 1291 2022 iterum
1318 1958 1458 2021 indutias

337 2081 440 2146 facere
473 2085 624 2166 potuisse,
659 2104 759 2166 quum
786 2085 853 2166 jam
883 2084 981 2148 semel
1011 2084 1144 2148 vidisset
1172 2083 1346 2167 majoribus
1381 2087 1459 2148 natu

335 2209 479 2290 Juniores
514 2227 579 2270 non
612 2209 759 2291 paruisse
788 2227 894 2291 neque
925 2228 979 2273 eos
1008 2209 1142 2272 indutiis
1171 2207 1262 2273 fastis
1292 2207 1460 2291 aproeliis

213 2345 223 2362 ·
339 2333 505 2398 abstitisse.
537 2333 594 2397 Sin
623 2339 728 2399 autem
759 2354 794 2398 re
815 2353 891 2398 vera
913 2336 1037 2417 putavit
1058 2333 1190 2417 perfidia
1213 2335 1357 2396 omniurn
1382 2332 1458 2396 Ger-

337 2478 504 2523 manorum
528 2480 669 2543 pugnam
692 2479 767 2524 oum
790 2461 934 2543 equitatu
955 2479 1013 2524 suo
1033 2478 1103 2524 esse
1122 2460 1323 2523 commissam
1341 2476 1459 2540 eosque

338 2584 495 2667 legatione
515 2585 613 2648 missa
629 2585 709 2647 nihil
732 2584 819 2647 aliud
832 2589 971 2668 spectare
984 2603 1080 2667 quam
1092 2603 1197 2648 moras
1208 2587 1334 2648 nectere
1342 2584 1463 2665 justam

338 2728 467 2773 oausam
496 2708 608 2772 habuit
637 2714 668 2772 et
697 2710 817 2792 legatos
844 2710 1001 2773 retinendi
1024 2714 1055 2772 et
1077 2710 1183 2773 statim
1207 2714 1327 2772 eeteros
1350 2727 1460 2794 aggre-

338 2834 453 2898 diendi.
473 2834 584 2900 Statim
600 2836 700 2918 igitur
710 2855 853 2920 pugnam
865 2837 1032 2919 commisit,
1045 2837 1131 2920 quod
1144 2856 1203 2900 sua
1214 2856 1310 2919 quam
1322 2837 1461 2899 maxime

337 2959 483 3024 interfuit
503 2961 593 3043 prius
615 2961 731 3024 vicisse
755 2979 808 3024 eos
827 2981 923 3044 quam
945 2962 1068 3044 equites
1089 2980 1201 3024 eorum
1219 2965 1459 3025 reverterentur.

339 3080 428 3157 Quae
452 3085 480 3147 si
501 3085 546 3146 ita
568 3088 645 3147 sunt
666 3084 756 3147 nullo
779 3085 874 3148 modo
897 3085 957 3148 hoo
978 3086 1012 3147 in
1035 3084 1117 3148 bello
1141 3085 1179 3148 de
1201 3085 1286 3149 mala
1303 3084 1366 3149 fide
1387 3084 1462 3149 Cae

340 3210 419 3272 saris
450 3209 653 3292 cogitandum
676 3228 746 3273 esse
768 3209 902 3273 videtur.
928 3208 1021 3285 Quod
1043 3207 1105 3272 Dio
1129 3209 1216 3272 addit
1238 3209 1462 3292 equites'Ger-

338 3353 507 3398 manorum
536 3336 592 3418 qui
614 3339 684 3398 turn
706 3333 786 3399 forte
809 3334 939 3398 aberant
961 3336 1066 3398 statim
1089 3339 1260 3418 postquam
1284 3335 1343 3398 hao
1367 3335 1405 3399 de
1428 3354 1462 3398 re

339 3459 487 3522 certiores
508 3459 582 3522 faeti
605 3464 694 3523 erant
718 3459 878 3524 desedisse
901 3464 989 3523 etse
1012 3459 1052 3522 ad
1075 3458 1268 3543 Sygambros
1290 3460 1463 3524 contulisse

340 3583 569 3668 Caesaremque
598 3585 786 3668 postulasse,
816 3590 854 3649 ut
884 3585 1053 3670 Sygambri
1080 3605 1134 3650 eos
1165 3584 1226 3650 sibi
1257 3585 1415 3667 dederent,
1443 3606 1463 3649 a

292 3757 296 3766 .
342 3708 473 3774 Caesare
503 3712 535 3792 4)
566 3709 749 3774 affirmatur.
781 3710 855 3773 Non
883 3713 928 3774 ita
958 3729 1071 3775 verum
1094 3715 1143 3775 est
1165 3729 1239 3775 eum
1261 3711 1322 3774 hoo
1342 3709 1463 3792 fecisse,

373 3968 732 4032 umnamnda

377 4060 672 4125 amnamn

377 4151 653 4217 qmaama

376 4242 673 4305 qmnamm
