3424 5188
918 552 959 612 26

377 761 479 824 tendit
502 761 540 838 1).
566 759 690 836 Quibus
713 762 748 823 in
769 760 897 842 proeliis
920 757 981 822 Dio
1000 762 1107 822 namot
1126 757 1286 822 Romanos
1306 777 1375 822 esse
1386 761 1495 840 victos,

377 884 492 949 Caesar
514 889 664 949 eventum
688 905 753 948 non
776 890 1008 949 commemorat.
1031 883 1155 948 Deinde
1178 885 1206 948 si
1229 882 1365 948 Dionem
1387 885 1496 948 audia-

377 1033 450 1076 mus
484 1012 666 1076 Ariovistus
699 1013 806 1076 locum
839 1011 961 1076 editum
995 1011 1170 1092 occupavit,
1204 1010 1282 1075 dum
1318 1008 1432 1073 Caesar
1465 1012 1495 1091 2)

375 1138 470 1200 tradit
503 1156 578 1200 eum
610 1137 752 1200 millibus
782 1156 936 1220 passuum
969 1155 1027 1199 sex
1057 1155 1076 1198 a
1107 1133 1248 1198 Caesaris
1279 1136 1389 1198 castris
1421 1134 1496 1198 sub

377 1267 516 1326 monte
539 1262 729 1342 consedisse,
753 1267 790 1324 ut
801 1260 962 1324 Romanos
985 1264 1165 1324 commeatu
1187 1259 1374 1343 prohiberet.

421 1386 539 1451 Tamen
573 1405 647 1450 cum
681 1384 785 1450 Dione
816 1387 981 1467 consentit
1013 1405 1115 1468 quum
1145 1385 1496 1449 commemorationum

378 1513 499 1576 editum
522 1518 711 1595 occupatum
734 1529 803 1575 esse
827 1532 845 1574 a
867 1511 1020 1576 Romanis
1041 1513 1080 1593 3),
1103 1529 1144 1574 ne
1163 1510 1300 1593 amplius
1319 1515 1498 1575 commeatu

378 1637 627 1721 prohiberentur.
660 1635 774 1700 Caesar
796 1638 944 1720 proximo
973 1636 1023 1700 die
1046 1636 1085 1700 de
1106 1655 1195 1698 more
1217 1636 1323 1719 copias
1346 1653 1363 1698 e
1386 1636 1497 1700 castris

380 1762 492 1825 eduxit
512 1767 543 1825 et
559 1761 724 1845 pugnandi
735 1766 919 1845 potestatem
932 1760 1014 1842 feeit,
1027 1760 1082 1824 sed
1093 1761 1275 1824 Ariovistus
1288 1765 1357 1822 turn
1369 1759 1497 1822 demum

381 1889 487 1971 copias
518 1887 631 1950 eduxit
661 1890 691 1949 et
713 1886 821 1949 locum
845 1887 965 1951 editum
989 1905 1158 1969 aggressus
1182 1890 1237 1966 est,
1262 1905 1364 1968 quum
1387 1883 1501 1948 Cacsar

376 2015 442 2095 jam
472 2015 507 2074 in
535 2017 637 2075 castra
659 2031 805 2075 reversus
829 2016 912 2076 esset
934 2013 974 2093 4).
998 2009 1101 2074 Dione
1125 2016 1251 2075 auctore
1272 2011 1501 2094 propemodum

380 2137 501 2201 vallum
535 2137 753 2200 Romanorum
788 2139 878 2219 cepit,
910 2137 965 2200 sed
996 2135 1110 2199 Caesar
1138 2140 1272 2199 testatur
1301 2136 1500 2199 Ariovistum

381 2263 457 2326 solis
493 2281 607 2326 occasu
638 2263 746 2326 multis
777 2267 809 2326 ct
839 2262 934 2324 illatis
964 2266 996 2325 et
1025 2262 1161 2343 acceptis
1182 2260 1371 2324 vulneribus
1395 2261 1500 2343 copias

380 2389 415 2450 in
444 2393 546 2452 castra
567 2388 743 2451 reduxisse.
767 2387 807 2450 In
829 2387 943 2450 ultima
964 2386 1092 2450 tandem
1114 2391 1202 2468 parte
1224 2405 1289 2469 cap.
1312 2387 1355 2447 48
1377 2386 1500 2448 inveni-

383 2532 457 2576 mus
487 2513 687 2576 Ariovistum
715 2512 774 2574 hae
797 2512 928 2574 victoria
951 2511 1068 2574 elatum
1093 2511 1205 2593 spretis
1230 2508 1501 2572 vaticinationibes

381 2637 532 2720 postridie
567 2637 671 2720 copias
710 2637 862 2700 eduxisse
893 2641 924 2700 et
954 2635 1110 2719 proelium
1141 2636 1355 2713 commisisse3
1388 2633 1502 2698 Caesar

382 2767 488 2825 autem
520 2764 550 2842 5)
585 2781 659 2825 eum
687 2762 749 2824 hoc
777 2761 890 2824 fecisse
921 2761 997 2824 dicit
1025 2761 1212 2823 necessitate
1235 2753 1389 2841 coactum,
1414 2759 1501 2841 quod

382 2886 519 2950 Romani
547 2905 652 2969 usque
682 2887 721 2950 ad
752 2891 852 2950 castra
877 2886 1109 2950 Germanorum
1132 2885 1328 2949 accederunt.
1351 2884 1502 2948 Vidimus

383 3013 417 3074 in
447 3013 507 3074 hoc
537 3013 637 3095 capite
667 3014 817 3076 universe
843 3017 892 3086 sat
913 3011 994 3075 bene
1016 3012 1099 3074 inter
1123 3008 1288 3074 Caesarem
1313 3016 1343 3073 et
1365 3008 1502 3073 Dionem

384 3137 561 3217 convenire,
593 3137 648 3200 sed
677 3138 712 3199 in
744 3136 879 3220 singulis
906 3136 1091 3220 praesertim
1113 3137 1149 3197 in
1171 3139 1288 3198 eventu
1310 3135 1503 3218 proeliorum

385 3262 661 3326 commemorando
693 3261 849 3344 quaedam
872 3280 941 3326 esse
964 3261 1095 3324 diversa.
1120 3259 1220 3342 Cujus
1243 3262 1289 3323 rei
1311 3262 1345 3322 in
1368 3279 1503 3343 sequen-

384 3387 471 3451 tibus
505 3388 599 3451 etiam
632 3388 724 3471 plura
757 3387 903 3470 exempla
935 3388 1144 3463 inveniemus.
1179 3386 1384 3468 Ubicumque
1418 3387 1504 3449 enim

386 3511 499 3576 Caesar
532 3517 682 3576 eventum
711 3512 823 3594 proelii
852 3531 918 3574 non
948 3516 1180 3592 commemorat,
1210 3515 1267 3574 aut
1296 3511 1372 3574 dicit
1402 3529 1504 3593 aequo

421 3922 445 3984 l)
464 3920 493 3968 D.
512 3919 539 3970 C.
556 3921 596 3970 48.
616 3919 683 3969 Caes.
701 3921 742 3968 48.

418 4012 443 4074 2)
461 4013 497 4060 De
516 4012 544 4062 B.
561 4012 590 4062 G.
608 4011 629 4060 I.
648 4013 687 4060 48.

419 4105 443 4164 8)
461 4102 528 4152 Caes.
546 4102 574 4152 de
592 4103 621 4151 B.
640 4102 670 4150 G.
688 4103 708 4151 I.
728 4104 770 4150 49.

419 4198 444 4256 4)
461 4195 491 4244 D.
509 4193 536 4244 C.
554 4210 605 4258 cap.
623 4194 664 4242 48.
685 4192 714 4241 de
734 4193 762 4240 B.
780 4192 808 4240 G.
829 4192 847 4242 1.
869 4193 907 4240 50.

421 4290 445 4345 5)
462 4285 498 4333 Da
516 4286 543 4334 B.
562 4285 591 4333 G.
610 4285 629 4333 1.
650 4285 688 4335 51.
