3424 5188
779 541 818 601 73

280 755 393 838 Itaque
416 753 571 818 Pollionis
590 752 749 835 judicium
772 749 936 832 cognitum
960 744 1071 808 habuit
1094 763 1196 827 eoque
1219 742 1359 807 confisus

236 880 346 961 multa,
369 899 451 963 quac
473 878 558 962 apud
581 876 746 940 Gaesarem
769 875 896 958 legerat,
919 890 1083 955 perperam
1106 869 1227 934 rettulit
1247 870 1359 934 etubi-

236 1024 376 1088 cumque
409 1003 524 1068 Caesar
556 1004 639 1066 dixit
671 1019 772 1083 aequo
806 998 907 1062 Marte
937 1015 1007 1061 esse
1037 999 1215 1079 pugnatum
1248 999 1303 1058 aut
1326 1014 1360 1058 se
1455 974 1460 981 ¹

235 1148 354 1214 paucos
371 1129 417 1193 'de
441 1130 508 1193 suis
530 1127 714 1211 perdidisse,
738 1124 777 1189 de
799 1122 886 1187 clade
909 1122 1128 1185 Romanorum
1150 1119 1307 1204 cogitabat
1321 1122 1359 1203 l).

237 1253 337 1338 Cujus
371 1256 418 1318 rei
449 1253 595 1336 exempla
618 1252 754 1335 quadam
780 1250 895 1313 diserte
914 1249 981 1330 jam
1004 1247 1039 1309 in
1060 1247 1165 1330 priore
1188 1247 1289 1329 capite
1311 1247 1360 1309 in-

238 1380 350 1460 dicavi,
374 1379 460 1464 quod
483 1380 511 1443 si
534 1379 607 1462 quis
630 1396 687 1461 per
708 1376 813 1459 legere
835 1372 921 1456 velit,
944 1372 1086 1454 ejusdem
1108 1372 1195 1435 modi
1215 1371 1361 1455 exempla

239 1506 359 1589 passim
381 1505 522 1568 inveniet
544 1507 576 1567 et
597 1502 688 1566 facile
710 1501 861 1564 concedet
881 1500 964 1562 hanc
988 1495 1271 1562 innumerabilium
1290 1517 1360 1581 gra-

237 1629 443 1692 vissimorum
466 1647 608 1692 errorum
635 1645 765 1690 causam
787 1624 895 1688 fuisse.
918 1622 1007 1688 Haec
1030 1627 1078 1686 est
1101 1641 1197 1686 causa
1220 1642 1277 1686 cur
1299 1620 1360 1684 Dio

238 1772 484 1836 nonnumquam
517 1756 679 1834 tantopere
713 1771 732 1814 a
761 1749 995 1814 commentariis
1019 1748 1183 1831 discrepet,
1204 1751 1242 1810 ut
1262 1767 1362 1831 paene

240 1898 313 1944 eum
348 1879 383 1941 in
419 1876 531 1941 Gallici
563 1877 638 1941 belli
660 1877 790 1940 historia
813 1873 1042 1938 conscribenda
1063 1893 1127 1936 non
1152 1873 1284 1938 Caesare
1306 1874 1362 1938 sed

239 2004 299 2067 alio
335 2003 474 2087 quodam
508 2003 658 2086 scriptore
690 2021 789 2066 usum
823 2019 892 2064 esse
926 2004 1085 2083 putemus.
1118 1998 1175 2063 Sin
1198 2003 1304 2062 autem
1327 2002 1362 2062 in

240 2129 343 2212 priore
367 2131 469 2212 capite
492 2129 724 2212 comparatione
745 2129 829 2190 inter
847 2125 984 2190 Dionem
997 2130 1028 2190 et
1040 2125 1205 2190 Caesarem
1216 2127 1363 2190 instituta

240 2254 517 2320 demonstravitt
550 2273 624 2318 cum
656 2256 725 2318 sine
748 2251 844 2316 dubio
869 2251 1010 2316 Caesaris
1035 2253 1269 2315 commentariis
1293 2270 1363 2316 esse

242 2400 356 2459 usum3
383 2378 425 2442 2⁰.
450 2380 564 2459 omnia,
588 2398 669 2462 quae
693 2379 880 2461 discrepant,
904 2398 922 2440 a
944 2376 1048 2442 Dione
1067 2378 1157 2440 aliter
1168 2397 1238 2442 esse
1248 2378 1363 2442 tradita

239 2509 366 2588 propter
388 2525 488 2568 unam
509 2523 549 2568 ex
572 2505 660 2568 hisce
683 2507 821 2587 quatuor
844 2505 958 2585 causis,
982 2505 1016 2566 in
1037 2503 1154 2586 quibus
1166 2505 1363 2588 explicandis

239 2649 327 2694 nunc
357 2634 530 2713 occupatus
562 2649 643 2711 sum,
667 2630 733 2712 jam
756 2627 929 2711 probavero
952 2647 1026 2692 eum
1050 2630 1085 2691 in
1107 2630 1167 2695 hac
1188 2635 1276 2713 parte
1299 2633 1363 2696 lris-

239 2756 337 2820 toriae
369 2774 445 2820 snae
468 2755 557 2819 nullo
581 2755 642 2818 alio
665 2754 760 2836 fonte,
782 2754 846 2818 nisi
870 2753 1012 2844 Caesaris
1035 2757 1271 2821 commentariis
1294 2776 1363 2822 esse

240 2901 344 2971 usum,
368 2879 446 2943 Max
470 2879 624 2944 Grasshof
645 2881 685 2960 2),
709 2880 765 2962 qui
788 2881 823 2941 in
847 2878 1017 2944 Germania
1039 2878 1182 2944 libellum
1205 2884 1364 2966 conscrip-

240 3007 281 3070 sit
311 3006 350 3070 de
378 3005 521 3069 fontibus
550 3009 581 3068 et
604 3006 789 3069 auctoritate
812 3003 925 3069 Dionis
949 3004 1058 3087 Cassii,
1082 3007 1270 3069 contrariam
1293 3026 1364 3071 sen-

239 3133 369 3195 tentiam
395 3130 521 3214 profert.
545 3130 641 3195 Putat
663 3129 799 3194 Dionem
823 3133 858 3193 in
881 3130 993 3194 Gallici
1016 3130 1090 3196 belli
1112 3133 1263 3196 historiae
1286 3132 1364 3196 duo-

239 3254 301 3320 bus
334 3255 477 3319 fontibus
508 3274 577 3320 esse
606 3275 703 3319 usum
728 3261 759 3319 et
781 3257 825 3320 ita
848 3257 887 3320 do
911 3275 947 3320 ea
967 3276 1002 3322 re
1024 3258 1101 3321 dicit
1125 3259 1163 3339 3).
1191 3258 1364 3338 „Alterum

239 3379 360 3444 fontem
396 3378 560 3444 Gaesarem
582 3381 690 3463 ipsum
713 3380 847 3444 alterum
872 3381 1056 3464 scriptorem
1076 3402 1095 3444 a
1118 3380 1250 3446 Caesare
1271 3382 1365 3466 plane

240 3479 471 3588 discrepantem
493 3504 593 3569 fuisse
615 3504 759 3588 oportit.''
772 3504 1254 3589 Suspicaturlruncscriptorem
1265 3506 1365 3571 fuisse

238 3629 409 3694 Assinium
442 3628 629 3712 Pollionem,
663 3630 749 3713 quod
783 3630 871 3694 nullo
906 3630 1000 3694 modo
1023 3649 1137 3694 vemm
1160 3649 1230 3695 osse
1245 3635 1365 3714 potest,

239 3757 267 3820 si
300 3755 402 3819 Pollio
435 3754 529 3820 modo
562 3755 601 3820 dc
632 3754 724 3819 bellis
752 3755 900 3820 civilibus
932 3756 1067 3839 scripsit,
1097 3754 1184 3838 quod
1206 3757 1241 3818 in
1264 3758 1366 3840 capite

274 3987 297 4050 l)
315 3985 370 4037 Vid.
388 3985 462 4049 hujus
478 3987 535 4036 diss.
553 4004 607 4052 pag.
626 3987 666 4051 27,
685 3989 724 4046 39,
743 3987 775 4037 al.

273 4078 297 4140 2)
318 4077 376 4126 Max
403 4077 523 4128 Gracchos
553 4079 601 4140 „dc
629 4078 739 4128 lontibus
764 4084 789 4128 ct
809 4080 954 4129 anctoritate
973 4079 1058 4129 Diouis
1077 4079 1269 4143 cassii,”130nn
1291 4081 1365 4139 1867,

240 4167 309 4230 cujus
326 4167 417 4216 librum
435 4185 463 4216 ca
480 4168 509 4217 dc
527 4185 598 4217 cauca
615 4170 700 4227 aliero,
718 4169 780 4233 quod
799 4185 853 4218 cum
872 4168 965 4218 laudari
986 4171 1080 4234 saepius
1098 4170 1156 4218 vidi.

274 4259 298 4313 3)
318 4274 373 4322 pag.
391 4259 431 4307 21.
