3424 5188
811 533 851 592 55

269 743 401 807 Labieni
424 747 526 806 castra
549 742 780 806 contenderunt
802 744 840 824 l),
860 743 915 806 sed
935 743 1023 806 clade
1041 742 1234 806 Nerviorum
1248 741 1404 806 00011010
1479 727 1481 732 ’

272 887 382 932 omnes
411 870 516 952 copias
539 868 573 930 in
596 868 677 931 fines
701 888 776 932 suos
799 868 999 932 reduxerunt
1024 871 1063 950 2),
1087 869 1142 932 sed
1162 871 1259 932 totius
1283 870 1397 933 hiemis

271 994 398 1059 nullum
431 1000 558 1078 tempus
591 995 842 1075 intermiserunt,
877 996 956 1078 quin
985 1000 1073 1058 trans
1103 993 1251 1058 Rhenum
1274 995 1394 1077 legatos

271 1121 440 1202 mitterent,
463 1121 605 1182 ciuitates
637 1119 849 1200 sollicitarent,
868 1121 1020 1202 pecunias
1037 1120 1254 1203 pollicirentur
1268 1122 1305 1198 3).
1317 1118 1398 1209 Tan-

273 1246 346 1309 dem
377 1265 478 1329 quum
509 1246 626 1308 iterum
648 1244 778 1308 Labieni
803 1249 905 1308 castra
928 1264 1110 1328 oppugnare
1133 1245 1397 1324 decrevissenta

271 1370 410 1435 Labieno
443 1370 570 1435 Treveri
604 1371 680 1432 victi
714 1375 791 1433 sunt
824 1375 854 1433 et
887 1370 1103 1434 Idutiomarus
1135 1369 1318 1433 interfectus
1351 1375 1399 1433 001

274 1495 545 1579 quemadmodmn
579 1494 664 1578 apud
698 1492 836 1558 Dionem
869 1497 904 1557 in
935 1496 993 1558 boc
1023 1496 1123 1578 capite
1153 1496 1336 1558 invenimus
1368 1501 1399 1559 01

273 1624 367 1686 etlam
397 1621 481 1705 apud
505 1619 671 1684 Caesarem
694 1622 726 1702 4)
749 1621 894 1704 legimus.
918 1621 1075 1684 Venimus
1096 1622 1162 1702 jam
1186 1621 1226 1684 ad
1245 1640 1290 1702 ee,
1315 1641 1396 1704 quae

273 1751 363 1811 sexto
399 1745 512 1808 Gallici
544 1744 618 1808 belli
650 1765 733 1808 anno
764 1745 951 1826 factasunt,
975 1747 1013 1808 de
1037 1744 1398 1829 quibusDi0,utipse

274 1874 358 1955 dicit,
393 1872 531 1935 breviter
563 1873 629 1955 agit
657 1873 690 1934 in
718 1871 779 1934 1100
801 1871 882 1934 libro
907 1891 972 1955 cap.
997 1872 1036 1934 31
1062 1877 1092 1935 01
1117 1874 1166 1934 32.
1192 1871 1326 1935 Omissis
1349 1874 1399 1954 iis,

277 2017 359 2081 quae
395 1996 509 2060 Caesar
541 1996 580 2061 de
602 1997 783 2060 conditione
805 1998 903 2060 totius
927 1996 1046 2060 Galliae
1069 1997 1193 2061 dixerat
1217 2000 1246 2078 b)
1270 1999 1398 2061 initium

278 2124 352 2187 facit
383 2144 402 2186 a
430 2122 513 2186 bello
548 2142 622 2186 oum
644 2122 787 2186 Treveris
809 2143 827 2185 a
848 2121 987 2186 Labieno
1010 2128 1107 2207 geste.
1131 2121 1217 2186 Dicit
1239 2123 1398 2186 Ambiori-

277 2267 350 2332 gem
384 2247 537 2330 Treveris,
567 2249 623 2331 qui
653 2254 786 2312 mortem
816 2247 1026 2312 indutiomari
1060 2249 1191 2312 moleste
1224 2250 1400 2312 etiamnum

274 2373 425 2454 ferebant,
457 2373 593 2454 adscitis,
624 2393 771 2457 magnam
800 2394 931 2437 manum
956 2374 1017 2438 sibi
1040 2393 1239 2457 comparasse
1262 2379 1399 2456 etquea

277 2520 295 2563 a
326 2498 493 2562 Germanis
517 2499 612 2562 etiam
635 2499 751 2562 milites
775 2498 975 2562 conduxisse.
999 2499 1180 2562 Verisimile
1204 2504 1399 2560 autemnon

276 2627 324 2687 est
354 2623 573 2706 Ambiorigem
603 2643 710 2707 regem
737 2622 937 2705 Eburonum,
968 2625 1103 2686 civitatis
1126 2623 1275 2706 ignobilis
1304 2626 1400 2704 atque

273 2749 404 2812 humilis
428 2749 468 2831 6),
492 2767 573 2830 quae
596 2749 630 2811 in
650 2727 797 2813 clientela
818 2749 1026 2812 Treverorum
1046 2755 1113 2812 erat
1134 2749 1162 2829 7)
1185 2749 1284 2812 nobili
1304 2753 1400 2831 atque

274 2892 408 2956 magnae
430 2872 638 2936 Treverorum
662 2874 782 2936 civitati
798 2873 973 2956 praefuisse
993 2879 1024 2937 et
1043 2875 1071 2937 si
1084 2873 1225 2937 Caesaris
1238 2893 1398 2936 commen-

274 3001 371 3064 tarios
402 3000 591 3082 inspicimus
622 3001 715 3062 etiam
744 2998 925 3063 videbimus
948 2999 1008 3062 hoc
1030 3019 1096 3062 non
1119 3019 1189 3063 0000
1211 3018 1332 3062 verum.
1354 2998 1400 3061 Ut

271 3127 337 3208 jam
361 3145 457 3208 supra
481 3126 511 3206 8)
535 3125 676 3187 uidimus
698 3123 869 3187 Ambiorix
892 3129 922 3188 et
946 3123 1139 3188 Catuuolous
1162 3143 1251 3207 reges
1275 3123 1400 3187 Eburo·

275 3270 354 3313 num
389 3251 512 3313 nuntiis
535 3248 746 3312 lndutlomari
768 3251 808 3312 ad
831 3249 1038 3313 defectionem
1061 3248 1192 3331 impulsi
1215 3254 1311 3328 erant.
1335 3248 1400 3310 lni-

273 3377 356 3439 tium
379 3375 453 3438 belli
472 3374 629 3439 inferendi
648 3377 746 3459 igitur
767 3395 832 3438 non
853 3375 891 3438 ab
909 3374 1125 3456 Eburonibus
1145 3375 1200 3438 sed
1220 3395 1238 3438 a
1257 3374 1400 3438 Treveris

277 3531 423 3540 ——-

312 3620 593 3682 Dfflbstbst

310 3713 596 3778 Qffibstlffi.

310 3805 589 3871 &fflbstbffi

308 3902 333 3959 4)
354 3898 390 3946 De
409 3899 436 3947 B.
455 3898 484 3946 G.
503 3897 532 3947 V.
552 3898 592 3946 58.

310 3982 637 4052 bffifflssfflffld.

309 4081 591 4144 mffissffibffi

308 4171 586 4237 Ufflbfffflb

310 4265 336 4326 8)
356 4264 414 4326 Peg.
435 4266 474 4312 54.
