3424 5188
858 537 939 620 roy

316 748 430 831 Scripti
464 753 541 811 sunt
573 753 645 830 post
675 767 795 811 annum
825 747 867 808 46
900 767 925 808 a.
952 745 1026 808 Chr.
1058 765 1087 807 n.
1114 745 1152 825 1),
1176 743 1324 807 omnibus
1347 743 1438 806 bellis

317 874 460 956 peractis,
483 878 514 936 et
532 873 606 936 editi
626 877 697 956 post
720 871 866 936 Caesaris
885 876 1029 935 mortem.
1048 870 1139 934 Teste
1152 870 1237 933 enim
1249 869 1394 951 Appiano
1408 869 1439 948 2)

316 997 478 1062 Antonius
508 1002 580 1081 post
609 1002 743 1060 mortem
774 996 916 1060 Caesaris
948 997 1015 1060 sive
1034 996 1129 1076 jussu
1152 993 1348 1078 Calpurniae,
1372 993 1439 1056 sive

318 1141 376 1184 suo
407 1121 561 1185 arbitratu
584 1123 653 1203 ejus
676 1123 919 1186 commentarios
941 1123 976 1183 in
1000 1121 1131 1184 domum
1154 1140 1247 1184 suam
1270 1118 1439 1182 transtulit.

318 1245 411 1322 Quod
433 1252 481 1310 est
503 1253 690 1330 argumento
714 1248 833 1326 laudes,
858 1247 976 1330 quibus
997 1245 1105 1310 Cicero
1126 1245 1268 1308 Caesaris
1280 1249 1439 1308 commen-

317 1373 413 1437 tarios
444 1373 652 1454 consequitur
675 1375 715 1453 3),
746 1373 850 1436 solum
880 1374 1036 1455 pertinere
1067 1371 1106 1434 ad
1135 1371 1378 1434 commentarios
1401 1369 1440 1432 de

319 1496 399 1561 bello
432 1495 559 1560 Gallico.
591 1494 639 1560 Do
671 1496 789 1580 quibus
811 1498 855 1559 ita
877 1497 1051 1579 praedicat:
1080 1495 1214 1578 „Atque
1237 1496 1332 1570 etiam
1354 1513 1439 1557 oom-

318 1623 489 1686 montarios
523 1622 679 1703 quosdam
711 1623 837 1705 scripsit
866 1642 973 1686 rerum
1004 1642 1145 1686 suarum.
1178 1621 1280 1684 Valde
1311 1620 1441 1704 quidem

320 1745 517 1828 probandos3
549 1746 629 1809 nudi
661 1748 745 1810 enim
778 1752 862 1829 sunt,
894 1749 970 1811 recti
1001 1753 1032 1812 et
1055 1749 1191 1829 venusti,
1216 1749 1303 1811 omni
1326 1751 1440 1810 ornatu

321 1874 471 1936 orationis
512 1877 674 1955 tanquam
715 1879 803 1938 veste
838 1874 992 1952 detracta3
1027 1874 1083 1938 sed
1117 1874 1195 1936 dum
1227 1874 1330 1937 voluit
1362 1872 1440 1936 alios

319 1997 435 2062 habere
457 2003 565 2080 parata
587 1998 673 2062 unde
695 2004 867 2079 sumerent,
891 2001 947 2082 qui
969 1999 1087 2078 vellent
1110 1998 1246 2062 scribere
1269 1999 1441 2079 historiam,

319 2124 434 2208 ineptis
467 2127 593 2206 gratum
626 2122 758 2186 fortasse
787 2122 869 2204 fecit,
901 2125 957 2206 qui
979 2123 1086 2188 volent
1109 2123 1163 2185 illa
1185 2123 1371 2222 calamistris
1392 2123 1441 2183 in-

320 2267 422 2329 urere,
456 2268 550 2312 sanos
586 2249 715 2331 quidem
745 2249 890 2312 homines
918 2269 937 2312 a
966 2248 1132 2312 scribendo
1164 2247 1331 2316 deterruit:
1362 2247 1443 2310 nihil

322 2379 370 2437 est
404 2376 490 2438 enim
521 2376 556 2437 in
585 2374 717 2438 historia
746 2395 827 2457 pura
854 2380 885 2438 et
906 2375 1024 2440 illustri
1046 2375 1199 2438 brevitate
1222 2373 1356 2437 dulcius.
1381 2373 1443 2437 Sed

322 2499 362 2562 ad
393 2518 456 2580 eos,
491 2500 518 2562 si
548 2500 658 2582 placet,
690 2501 746 2583 qui
775 2501 841 2562 vita
864 2505 1079 2581 excesserunt,
1101 2499 1327 2562 revertamur.’'
1350 2498 1443 2562 Unde

324 2625 504 2708 colligimus
544 2624 684 2688 Brutum
717 2627 791 2688 vivo
825 2625 928 2688 adhuc
964 2623 1096 2690 Caesare
1130 2643 1200 2689 esse
1233 2625 1443 2707 perscriptum

322 2751 341 2812 i.
366 2769 390 2814 9.
422 2755 495 2814 ante
518 2751 761 2813 commentarios
785 2749 927 2813 debello
951 2750 1037 2812 civili
1059 2750 1168 2814 editos.
1191 2749 1265 2813 Non
1287 2749 1444 2813 absonum

324 2874 449 2936 videtur
479 2874 539 2936 hoc
570 2873 730 2937 Ciceronis
758 2874 915 2956 judicium
947 2874 1065 2938 multos
1087 2874 1295 2938 absterruissc
1318 2873 1357 2936 ab
1379 2873 1444 2936 his-

326 2999 407 3061 toria
432 2997 543 3062 Gallici
565 2998 639 3062 belli
663 2999 898 3081 conscribenda,
921 3001 965 3062 ita
986 3003 1024 3063 ut
1045 2999 1135 3062 Livio
1155 3005 1186 3062 ct
1206 2999 1317 3062 ceteris
1336 3017 1444 3061 rerum

324 3125 540 3189 Romanarum
572 3125 778 3209 scriptoribus
802 3145 931 3190 necesse
954 3131 1020 3189 crat
1044 3124 1186 3188 Caesaris
1209 3125 1445 3188 commentariis

324 3254 372 3315 uti
395 3258 558 3334 tamquam
581 3253 749 3335 praecipuo
773 3257 803 3314 91
826 3271 926 3334 paene
947 3253 1044 3314 unico
1063 3251 1157 3314 fonte.
1179 3249 1278 3331 Certe,
1296 3254 1445 3332 utsupra

324 3378 473 3459 vidimus,
495 3397 560 3440 non
583 3376 697 3440 licebat
715 3376 867 3440 Asinium
885 3376 1062 3440 Pollionem
1082 3375 1239 3456 adhibere,
1251 3395 1445 3458 quamquam

323 3503 513 3566 recentiores
534 3501 678 3584 plerique
700 3521 810 3566 omnes
833 3503 867 3564 id
890 3503 1100 3584 suspicantur.

369 3626 442 3689 Jam
466 3631 514 3690 sat
535 3628 695 3690 rationum
713 3627 791 3689 mihi
811 3627 987 3691 reddidisse
1006 3627 1123 3708 videor,
1143 3646 1201 3689 cur
1219 3628 1254 3688 in
1269 3626 1445 3708 judiciofe-

324 3752 422 3816 rendo
443 3753 481 3815 de
500 3751 613 3815 Dionis
624 3751 687 3816 fide
698 3757 729 3815 et
741 3753 926 3815 auctoritate
939 3752 1141 3835 potissimum
1154 3751 1274 3816 bellum
1288 3750 1446 3814 Gallicum

362 4098 384 4162 l)
402 4095 541 4161 Nipperdey
560 4096 658 4160 Quaest.
677 4095 745 4146 Caes.
763 4111 785 4160 p.
806 4098 819 4143 5
838 4111 889 4159 sqq.

359 4189 385 4248 2)
404 4190 466 4253 App.
485 4188 514 4236 dc
533 4189 560 4238 B.
580 4188 607 4237 C.
626 4189 659 4236 II.
681 4189 735 4237 las.
754 4188 803 4236 Cir.
823 4187 850 4235 D.
871 4186 897 4234 C.
917 4185 1002 4235 XLIV.
1024 4186 1063 4233 53.

361 4282 385 4346 3)
404 4283 495 4329 Brutus
513 4281 570 4329 262.
