<?xml version="1.0" encoding="UTF-8"?>
<!DOCTYPE html PUBLIC "-//W3C//DTD XHTML 1.0 Transitional//EN"
    "http://www.w3.org/TR/xhtml1/DTD/xhtml1-transitional.dtd">
<html xmlns="http://www.w3.org/1999/xhtml" xml:lang="en" lang="en">
 <head>
  <title>
</title>
<meta http-equiv="Content-Type" content="text/html;charset=utf-8" />
  <meta name='ocr-system' content='tesseract 3.04.00' />
  <meta name='ocr-capabilities' content='ocr_page ocr_carea ocr_par ocr_line ocrx_word'/>
</head>
<body>
  <div class='ocr_page' id='page_1' title='image "./defideetauctori00jelggoog_0047.png"; bbox 0 0 3394 5190; ppageno 0'>
   <div class='ocr_carea' id='block_1_1' title="bbox 869 605 910 668">
    <p class='ocr_par' dir='ltr' id='par_1_1' title="bbox 869 605 910 668">
     <span class='ocr_line' id='line_1_1' title="bbox 869 605 910 668; baseline -0.049 0"><span class='ocrx_word' id='word_1_1' title='bbox 869 605 910 668; x_wconf 82' lang='lat'>36</span> 
     </span>
    </p>
   </div>
   <div class='ocr_carea' id='block_1_2' title="bbox 327 813 1456 2396">
    <p class='ocr_par' dir='ltr' id='par_1_2' title="bbox 327 813 1456 2396">
     <span class='ocr_line' id='line_1_2' title="bbox 328 813 1452 901; baseline -0.005 -19"><span class='ocrx_word' id='word_1_2' title='bbox 328 839 403 883; x_wconf 91' lang='lat' dir='ltr'>cum</span> <span class='ocrx_word' id='word_1_3' title='bbox 434 819 575 901; x_wconf 89' lang='lat' dir='ltr'>primum</span> <span class='ocrx_word' id='word_1_4' title='bbox 604 821 712 900; x_wconf 92' lang='lat' dir='ltr'>posset</span> <span class='ocrx_word' id='word_1_5' title='bbox 740 817 776 878; x_wconf 92' lang='lat' dir='ltr'>in</span> <span class='ocrx_word' id='word_1_6' title='bbox 803 814 943 878; x_wconf 89' lang='lat' dir='ltr'>Venetos</span> <span class='ocrx_word' id='word_1_7' title='bbox 966 813 1123 897; x_wconf 89' lang='lat' dir='ltr'>proficisci</span> <span class='ocrx_word' id='word_1_8' title='bbox 1141 813 1232 896; x_wconf 90' lang='lat' dir='ltr'>jubet</span> <span class='ocrx_word' id='word_1_9' title='bbox 1256 814 1294 895; x_wconf 87' lang='lat'>1).</span> <span class='ocrx_word' id='word_1_10' title='bbox 1318 813 1452 878; x_wconf 83' lang='lat' dir='ltr'><strong>Interim</strong></span> 
     </span>
     <span class='ocr_line' id='line_1_3' title="bbox 328 941 1451 1033; baseline -0.004 -27"><span class='ocrx_word' id='word_1_11' title='bbox 328 945 397 1033; x_wconf 90' lang='lat' dir='ltr'>ipse</span> <span class='ocrx_word' id='word_1_12' title='bbox 427 943 591 1027; x_wconf 85' lang='lat' dir='ltr'>complura</span> <span class='ocrx_word' id='word_1_13' title='bbox 622 941 736 1025; x_wconf 88' lang='lat' dir='ltr'>oppida</span> <span class='ocrx_word' id='word_1_14' title='bbox 764 941 961 1024; x_wconf 80' lang='lat' dir='ltr'>expugnarit</span> <span class='ocrx_word' id='word_1_15' title='bbox 986 941 1016 1020; x_wconf 82' lang='lat'>2)</span> <span class='ocrx_word' id='word_1_16' title='bbox 1040 944 1071 1004; x_wconf 92' lang='lat' dir='ltr'>et</span> <span class='ocrx_word' id='word_1_17' title='bbox 1094 959 1131 1003; x_wconf 91' lang='lat' dir='ltr'>ca</span> <span class='ocrx_word' id='word_1_18' title='bbox 1152 957 1186 1002; x_wconf 91' lang='lat' dir='ltr'>re</span> <span class='ocrx_word' id='word_1_19' title='bbox 1209 955 1359 1022; x_wconf 84' lang='lat' dir='ltr'>magnam</span> <span class='ocrx_word' id='word_1_20' title='bbox 1380 959 1451 1022; x_wconf 90' lang='lat' dir='ltr'>par·</span> 
     </span>
     <span class='ocr_line' id='line_1_4' title="bbox 327 1061 1455 1149; baseline -0.005 -17"><span class='ocrx_word' id='word_1_21' title='bbox 327 1073 394 1132; x_wconf 85' lang='lat' dir='ltr'>tom</span> <span class='ocrx_word' id='word_1_22' title='bbox 417 1068 545 1132; x_wconf 89' lang='lat' dir='ltr'>aestatis</span> <span class='ocrx_word' id='word_1_23' title='bbox 568 1067 773 1149; x_wconf 79' lang='lat' dir='ltr'><strong>consumpsit.</strong></span> <span class='ocrx_word' id='word_1_24' title='bbox 799 1063 996 1148; x_wconf 89' lang='lat' dir='ltr'>Oppidorum</span> <span class='ocrx_word' id='word_1_25' title='bbox 1020 1066 1101 1128; x_wconf 90' lang='lat' dir='ltr'>situs</span> <span class='ocrx_word' id='word_1_26' title='bbox 1125 1084 1144 1127; x_wconf 88' lang='lat' dir='ltr'>a</span> <span class='ocrx_word' id='word_1_27' title='bbox 1166 1061 1269 1128; x_wconf 89' lang='lat' dir='ltr'>Dione</span> <span class='ocrx_word' id='word_1_28' title='bbox 1292 1070 1357 1128; x_wconf 84' lang='lat' dir='ltr'>tam</span> <span class='ocrx_word' id='word_1_29' title='bbox 1380 1083 1455 1127; x_wconf 92' lang='lat' dir='ltr'>con-</span> 
     </span>
     <span class='ocr_line' id='line_1_5' title="bbox 328 1188 1456 1273; baseline -0.004 -17"><span class='ocrx_word' id='word_1_30' title='bbox 328 1191 400 1257; x_wconf 87' lang='lat' dir='ltr'>fuse</span> <span class='ocrx_word' id='word_1_31' title='bbox 433 1197 465 1256; x_wconf 88' lang='lat' dir='ltr'>et</span> <span class='ocrx_word' id='word_1_32' title='bbox 498 1191 632 1256; x_wconf 79' lang='lat' dir='ltr'>obscure</span> <span class='ocrx_word' id='word_1_33' title='bbox 663 1190 860 1272; x_wconf 75' lang='lat' dir='ltr'>describitur,</span> <span class='ocrx_word' id='word_1_34' title='bbox 893 1195 929 1253; x_wconf 95' lang='lat' dir='ltr'>ut</span> <span class='ocrx_word' id='word_1_35' title='bbox 956 1209 1023 1253; x_wconf 93' lang='lat' dir='ltr'>non</span> <span class='ocrx_word' id='word_1_36' title='bbox 1045 1189 1269 1273; x_wconf 80' lang='lat' dir='ltr'>intelligamus,</span> <span class='ocrx_word' id='word_1_37' title='bbox 1293 1189 1371 1272; x_wconf 85' lang='lat' dir='ltr'>quid</span> <span class='ocrx_word' id='word_1_38' title='bbox 1394 1188 1456 1252; x_wconf 88' lang='lat' dir='ltr'>sibi</span> 
     </span>
     <span class='ocr_line' id='line_1_6' title="bbox 328 1311 1455 1399; baseline -0.003 -20"><span class='ocrx_word' id='word_1_39' title='bbox 328 1318 413 1399; x_wconf 87' lang='lat' dir='ltr'>velit,</span> <span class='ocrx_word' id='word_1_40' title='bbox 442 1317 506 1380; x_wconf 91' lang='lat' dir='ltr'>nisi</span> <span class='ocrx_word' id='word_1_41' title='bbox 536 1315 643 1380; x_wconf 88' lang='lat' dir='ltr'>verbis</span> <span class='ocrx_word' id='word_1_42' title='bbox 667 1314 809 1379; x_wconf 79' lang='lat' dir='ltr'>Caesaris</span> <span class='ocrx_word' id='word_1_43' title='bbox 835 1316 927 1398; x_wconf 84' lang='lat' dir='ltr'>quasi</span> <span class='ocrx_word' id='word_1_44' title='bbox 951 1315 1177 1378; x_wconf 84' lang='lat' dir='ltr'>commentario</span> <span class='ocrx_word' id='word_1_45' title='bbox 1200 1319 1337 1377; x_wconf 90' lang='lat' dir='ltr'>utamur.</span> <span class='ocrx_word' id='word_1_46' title='bbox 1362 1311 1455 1388; x_wconf 79' lang='lat' dir='ltr'>Quod</span> 
     </span>
     <span class='ocr_line' id='line_1_7' title="bbox 330 1439 1455 1525; baseline -0.004 -19"><span class='ocrx_word' id='word_1_47' title='bbox 330 1446 367 1506; x_wconf 94' lang='lat' dir='ltr'>ut</span> <span class='ocrx_word' id='word_1_48' title='bbox 400 1446 547 1525; x_wconf 83' lang='lat' dir='ltr'>appareat</span> <span class='ocrx_word' id='word_1_49' title='bbox 580 1442 683 1524; x_wconf 88' lang='lat' dir='ltr'>ipsius</span> <span class='ocrx_word' id='word_1_50' title='bbox 712 1439 826 1504; x_wconf 91' lang='lat' dir='ltr'>Dionis</span> <span class='ocrx_word' id='word_1_51' title='bbox 857 1439 954 1504; x_wconf 88' lang='lat' dir='ltr'>verba</span> <span class='ocrx_word' id='word_1_52' title='bbox 985 1439 1112 1503; x_wconf 83' lang='lat' dir='ltr'>afferam</span> <span class='ocrx_word' id='word_1_53' title='bbox 1143 1440 1248 1522; x_wconf 88' lang='lat' dir='ltr'>iisque</span> <span class='ocrx_word' id='word_1_54' title='bbox 1272 1439 1455 1522; x_wconf 86' lang='lat' dir='ltr'>adjungam,</span> 
     </span>
     <span class='ocr_line' id='line_1_8' title="bbox 331 1561 1455 1650; baseline -0.004 -20"><span class='ocrx_word' id='word_1_55' title='bbox 331 1586 414 1650; x_wconf 85' lang='lat' dir='ltr'>quae</span> <span class='ocrx_word' id='word_1_56' title='bbox 446 1565 561 1631; x_wconf 79' lang='lat' dir='ltr'>Caesar</span> <span class='ocrx_word' id='word_1_57' title='bbox 590 1567 682 1630; x_wconf 91' lang='lat' dir='ltr'>dicit:</span> <span class='ocrx_word' id='word_1_58' title='bbox 715 1567 817 1629; x_wconf 72' lang='grc' dir='ltr'><em>πᾶσαν</em></span> <span class='ocrx_word' id='word_1_59' title='bbox 845 1563 942 1642; x_wconf 74' lang='grc' dir='ltr'><em>ὀλίγον</em></span> <span class='ocrx_word' id='word_1_60' title='bbox 966 1563 1019 1636; x_wconf 67' lang='grc' dir='ltr'>τὴν</span> <span class='ocrx_word' id='word_1_61' title='bbox 1043 1562 1146 1642; x_wconf 76' lang='grc' dir='ltr'><em>ὡραίων</em></span> <span class='ocrx_word' id='word_1_62' title='bbox 1169 1562 1270 1640; x_wconf 73' lang='grc' dir='ltr'><em>μνέτνν</em></span> <span class='ocrx_word' id='word_1_63' title='bbox 1293 1561 1455 1627; x_wconf 69' lang='grc' dir='ltr'><em>ἀνάλωσεν·</em></span> 
     </span>
     <span class='ocr_line' id='line_1_9' title="bbox 333 1681 1453 1770; baseline -0.005 -16"><span class='ocrx_word' id='word_1_64' title='bbox 333 1687 370 1754; x_wconf 77' lang='grc' dir='ltr'>ωἵ</span> <span class='ocrx_word' id='word_1_65' title='bbox 396 1714 430 1753; x_wconf 82' lang='grc' dir='ltr'>τε</span> <span class='ocrx_word' id='word_1_66' title='bbox 459 1688 516 1770; x_wconf 73' lang='grc' dir='ltr'>γὰρ</span> <span class='ocrx_word' id='word_1_67' title='bbox 547 1689 645 1762; x_wconf 73' lang='grc' dir='ltr'><em>πόλεις</em></span> <span class='ocrx_word' id='word_1_68' title='bbox 674 1690 722 1754; x_wconf 79' lang='grc' dir='ltr'>ἐπ’</span> <span class='ocrx_word' id='word_1_69' title='bbox 747 1690 872 1768; x_wconf 81' lang='grc' dir='ltr'><em>ἐρυμνῶν</em></span> <span class='ocrx_word' id='word_1_70' title='bbox 895 1686 1006 1767; x_wconf 80' lang='grc' dir='ltr'><em>χωρίων</em></span> <span class='ocrx_word' id='word_1_71' title='bbox 1029 1685 1175 1766; x_wconf 71' lang='grc' dir='ltr'><em>ἱδρυμέναι</em></span> <span class='ocrx_word' id='word_1_72' title='bbox 1198 1685 1345 1768; x_wconf 69' lang='grc' dir='ltr'><em>ἀπρόσιτοι</em></span> <span class='ocrx_word' id='word_1_73' title='bbox 1369 1681 1453 1761; x_wconf 69' lang='grc' dir='ltr'><em>ἦσαν,</em></span> 
     </span>
     <span class='ocr_line' id='line_1_10' title="bbox 332 1807 1453 1893; baseline -0.005 -14"><span class='ocrx_word' id='word_1_74' title='bbox 332 1813 384 1879; x_wconf 65' lang='grc' dir='ltr'>κων</span> <span class='ocrx_word' id='word_1_75' title='bbox 417 1815 430 1879; x_wconf 82' lang='grc' dir='ltr'><em>ὃ</em></span> <span class='ocrx_word' id='word_1_76' title='bbox 454 1815 576 1887; x_wconf 69' lang='grc' dir='ltr'><em>ὠκεανὸς</em></span> <span class='ocrx_word' id='word_1_77' title='bbox 599 1813 701 1887; x_wconf 74' lang='grc' dir='ltr'><em>πάσας</em></span> <span class='ocrx_word' id='word_1_78' title='bbox 725 1815 761 1885; x_wconf 78' lang='grc' dir='ltr'>ὡς</span> <span class='ocrx_word' id='word_1_79' title='bbox 784 1813 874 1876; x_wconf 75' lang='grc' dir='ltr'><em>εἰπεῖν</em></span> <span class='ocrx_word' id='word_1_80' title='bbox 897 1809 1073 1893; x_wconf 75' lang='grc' dir='ltr'><em>περνκλύζων</em></span> <span class='ocrx_word' id='word_1_81' title='bbox 1096 1807 1199 1892; x_wconf 70' lang='grc' dir='ltr'><em>ἄπορον</em></span> <span class='ocrx_word' id='word_1_82' title='bbox 1222 1808 1277 1888; x_wconf 78' lang='grc' dir='ltr'>μὲν</span> <span class='ocrx_word' id='word_1_83' title='bbox 1299 1811 1339 1891; x_wconf 81' lang='grc' dir='ltr'>τῷ</span> <span class='ocrx_word' id='word_1_84' title='bbox 1364 1809 1453 1891; x_wconf 80' lang='grc' dir='ltr'><em>πεζῷ,</em></span> 
     </span>
     <span class='ocr_line' id='line_1_11' title="bbox 332 1933 1454 2021; baseline -0.006 -17"><span class='ocrx_word' id='word_1_85' title='bbox 332 1939 436 2021; x_wconf 76' lang='grc' dir='ltr'><em>ἄπορον</em></span> <span class='ocrx_word' id='word_1_86' title='bbox 471 1940 502 2004; x_wconf 77' lang='grc' dir='ltr'>δὲ</span> <span class='ocrx_word' id='word_1_87' title='bbox 536 1938 588 2003; x_wconf 75' lang='lat' dir='ltr'>arri</span> <span class='ocrx_word' id='word_1_88' title='bbox 622 1939 662 2019; x_wconf 76' lang='grc' dir='ltr'>τῷ</span> <span class='ocrx_word' id='word_1_89' title='bbox 697 1939 820 2018; x_wconf 80' lang='grc' dir='ltr'><em>νωντνκῷ</em></span> <span class='ocrx_word' id='word_1_90' title='bbox 851 1937 904 2010; x_wconf 69' lang='grc' dir='ltr'>τὴν</span> <span class='ocrx_word' id='word_1_91' title='bbox 934 1936 1108 2017; x_wconf 74' lang='grc' dir='ltr'><em>προσβολήν,</em></span> <span class='ocrx_word' id='word_1_92' title='bbox 1140 1933 1192 2000; x_wconf 74' lang='lat' dir='ltr'>aci</span> <span class='ocrx_word' id='word_1_93' title='bbox 1222 1935 1380 2016; x_wconf 74' lang='grc' dir='ltr'><em>πλημύρων</em></span> <span class='ocrx_word' id='word_1_94' title='bbox 1403 1933 1454 1998; x_wconf 75' lang='lat' dir='ltr'>nai</span> 
     </span>
     <span class='ocr_line' id='line_1_12' title="bbox 333 2060 1454 2146; baseline -0.007 -16"><span class='ocrx_word' id='word_1_95' title='bbox 333 2064 483 2146; x_wconf 71' lang='lat' dir='ltr'>druppr&#39;or.</span> <span class='ocrx_word' id='word_1_96' title='bbox 516 2065 545 2127; x_wconf 83' lang='grc' dir='ltr'>ἕν</span> <span class='ocrx_word' id='word_1_97' title='bbox 574 2088 606 2128; x_wconf 76' lang='grc' dir='ltr'>τε</span> <span class='ocrx_word' id='word_1_98' title='bbox 635 2072 671 2144; x_wconf 70' lang='grc' dir='ltr'>τῇ</span> <span class='ocrx_word' id='word_1_99' title='bbox 703 2062 853 2140; x_wconf 70' lang='grc' dir='ltr'><em>ἄμνώτνδν</em></span> <span class='ocrx_word' id='word_1_100' title='bbox 884 2062 936 2126; x_wconf 74' lang='lat' dir='ltr'>arri</span> <span class='ocrx_word' id='word_1_101' title='bbox 954 2063 983 2126; x_wconf 83' lang='grc' dir='ltr'>ἐν</span> <span class='ocrx_word' id='word_1_102' title='bbox 1006 2069 1043 2142; x_wconf 68' lang='grc' dir='ltr'>τῇ</span> <span class='ocrx_word' id='word_1_103' title='bbox 1067 2060 1162 2144; x_wconf 65' lang='lat' dir='ltr'>taxica</span> <span class='ocrx_word' id='word_1_104' title='bbox 1184 2060 1278 2125; x_wconf 75' lang='grc' dir='ltr'><em>ἐποίει.</em></span> <span class='ocrx_word' id='word_1_105' title='bbox 1303 2061 1368 2125; x_wconf 86' lang='lat' dir='ltr'>Ubi</span> <span class='ocrx_word' id='word_1_106' title='bbox 1390 2080 1454 2125; x_wconf 91' lang='lat' dir='ltr'>non</span> 
     </span>
     <span class='ocr_line' id='line_1_13' title="bbox 333 2188 1455 2274; baseline -0.004 -20"><span class='ocrx_word' id='word_1_107' title='bbox 333 2191 552 2274; x_wconf 74' lang='lat' dir='ltr'>perspicimus,</span> <span class='ocrx_word' id='word_1_108' title='bbox 583 2208 647 2272; x_wconf 89' lang='lat' dir='ltr'>quo</span> <span class='ocrx_word' id='word_1_109' title='bbox 675 2188 770 2251; x_wconf 91' lang='lat' dir='ltr'>modo</span> <span class='ocrx_word' id='word_1_110' title='bbox 793 2207 930 2251; x_wconf 90' lang='lat' dir='ltr'>oceanus</span> <span class='ocrx_word' id='word_1_111' title='bbox 953 2192 1099 2251; x_wconf 89' lang='lat' dir='ltr'>aestuum</span> <span class='ocrx_word' id='word_1_112' title='bbox 1123 2205 1253 2250; x_wconf 87' lang='lat' dir='ltr'>accessu</span> <span class='ocrx_word' id='word_1_113' title='bbox 1276 2192 1307 2250; x_wconf 93' lang='lat' dir='ltr'>et</span> <span class='ocrx_word' id='word_1_114' title='bbox 1327 2206 1455 2250; x_wconf 91' lang='lat' dir='ltr'>recessu</span> 
     </span>
     <span class='ocr_line' id='line_1_14' title="bbox 336 2310 1456 2396; baseline -0.004 -18"><span class='ocrx_word' id='word_1_115' title='bbox 336 2315 459 2378; x_wconf 91' lang='lat' dir='ltr'>aditum</span> <span class='ocrx_word' id='word_1_116' title='bbox 487 2319 518 2379; x_wconf 92' lang='lat' dir='ltr'>et</span> <span class='ocrx_word' id='word_1_117' title='bbox 539 2313 676 2377; x_wconf 84' lang='lat' dir='ltr'>navibus</span> <span class='ocrx_word' id='word_1_118' title='bbox 699 2318 730 2376; x_wconf 91' lang='lat' dir='ltr'>et</span> <span class='ocrx_word' id='word_1_119' title='bbox 751 2311 950 2396; x_wconf 83' lang='lat' dir='ltr'>pedestribus</span> <span class='ocrx_word' id='word_1_120' title='bbox 973 2313 1072 2395; x_wconf 89' lang='lat' dir='ltr'>copiis</span> <span class='ocrx_word' id='word_1_121' title='bbox 1094 2310 1254 2394; x_wconf 91' lang='lat' dir='ltr'>impediat,</span> <span class='ocrx_word' id='word_1_122' title='bbox 1278 2311 1364 2394; x_wconf 89' lang='lat' dir='ltr'>quod</span> <span class='ocrx_word' id='word_1_123' title='bbox 1387 2317 1456 2374; x_wconf 87' lang='lat' dir='ltr'>tan-</span> 
     </span>
    </p>
   </div>
   <div class='ocr_carea' id='block_1_3' title="bbox 335 2429 1456 2521">
    <p class='ocr_par' dir='ltr' id='par_1_3' title="bbox 335 2429 1456 2521">
     <span class='ocr_line' id='line_1_15' title="bbox 335 2429 1456 2521; baseline -0.006 -18"><span class='ocrx_word' id='word_1_124' title='bbox 335 2440 408 2503; x_wconf 91' lang='lat' dir='ltr'>dem</span> <span class='ocrx_word' id='word_1_125' title='bbox 438 2439 593 2521; x_wconf 83' lang='lat' dir='ltr'>videmus,</span> <span class='ocrx_word' id='word_1_126' title='bbox 623 2440 651 2502; x_wconf 89' lang='lat' dir='ltr'>si</span> <span class='ocrx_word' id='word_1_127' title='bbox 674 2437 839 2502; x_wconf 82' lang='lat' dir='ltr'>Caesarem</span> <span class='ocrx_word' id='word_1_128' title='bbox 861 2429 1050 2520; x_wconf 88' lang='lat' dir='ltr'>inspicimus</span> <span class='ocrx_word' id='word_1_129' title='bbox 1074 2438 1121 2518; x_wconf 86' lang='grc'>3);</span> <span class='ocrx_word' id='word_1_130' title='bbox 1149 2435 1276 2516; x_wconf 83' lang='lat' dir='ltr'>,Erant</span> <span class='ocrx_word' id='word_1_131' title='bbox 1299 2435 1456 2518; x_wconf 86' lang='lat' dir='ltr'>ejusmodi</span> 
     </span>
    </p>
   </div>
   <div class='ocr_carea' id='block_1_4' title="bbox 250 2561 1504 3770">
    <p class='ocr_par' dir='ltr' id='par_1_4' title="bbox 250 2561 1504 3770">
     <span class='ocr_line' id='line_1_16' title="bbox 333 2561 1456 2647; baseline -0.004 -20"><span class='ocrx_word' id='word_1_132' title='bbox 333 2564 398 2630; x_wconf 87' lang='lat' dir='ltr'>fere</span> <span class='ocrx_word' id='word_1_133' title='bbox 421 2566 502 2628; x_wconf 93' lang='lat' dir='ltr'>situs</span> <span class='ocrx_word' id='word_1_134' title='bbox 525 2564 721 2647; x_wconf 80' lang='lat' dir='ltr'>oppidorum,</span> <span class='ocrx_word' id='word_1_135' title='bbox 744 2568 780 2627; x_wconf 92' lang='lat' dir='ltr'>ut</span> <span class='ocrx_word' id='word_1_136' title='bbox 802 2565 905 2646; x_wconf 85' lang='lat' dir='ltr'>posita</span> <span class='ocrx_word' id='word_1_137' title='bbox 926 2564 961 2625; x_wconf 95' lang='lat' dir='ltr'>in</span> <span class='ocrx_word' id='word_1_138' title='bbox 984 2562 1136 2626; x_wconf 84' lang='lat' dir='ltr'>extremis</span> <span class='ocrx_word' id='word_1_139' title='bbox 1154 2561 1285 2646; x_wconf 81' lang='lat' dir='ltr'>lingulis</span> <span class='ocrx_word' id='word_1_140' title='bbox 1304 2580 1456 2645; x_wconf 89' lang='lat' dir='ltr'>promun-</span> 
     </span>
     <span class='ocr_line' id='line_1_17' title="bbox 333 2686 1504 2772; baseline -0.003 -20"><span class='ocrx_word' id='word_1_141' title='bbox 333 2690 491 2772; x_wconf 88' lang='lat' dir='ltr'>turiisque</span> <span class='ocrx_word' id='word_1_142' title='bbox 519 2708 625 2771; x_wconf 89' lang='lat' dir='ltr'>neque</span> <span class='ocrx_word' id='word_1_143' title='bbox 653 2687 788 2771; x_wconf 87' lang='lat' dir='ltr'>pedibus</span> <span class='ocrx_word' id='word_1_144' title='bbox 817 2688 939 2751; x_wconf 90' lang='lat' dir='ltr'>aditum</span> <span class='ocrx_word' id='word_1_145' title='bbox 972 2687 1131 2770; x_wconf 90' lang='lat' dir='ltr'>haberent,</span> <span class='ocrx_word' id='word_1_146' title='bbox 1166 2707 1240 2750; x_wconf 92' lang='lat' dir='ltr'>oum</span> <span class='ocrx_word' id='word_1_147' title='bbox 1271 2686 1397 2750; x_wconf 84' lang='lat' dir='ltr'>exalto</span> <span class='ocrx_word' id='word_1_148' title='bbox 1422 2704 1456 2748; x_wconf 92' lang='lat' dir='ltr'>se</span> <span class='ocrx_word' id='word_1_149' title='bbox 1502 2693 1504 2696; x_wconf 80' lang='grc'>’</span> 
     </span>
     <span class='ocr_line' id='line_1_18' title="bbox 334 2810 1456 2901; baseline -0.004 -25"><span class='ocrx_word' id='word_1_150' title='bbox 334 2817 441 2876; x_wconf 88' lang='lat' dir='ltr'>aestus</span> <span class='ocrx_word' id='word_1_151' title='bbox 471 2813 675 2901; x_wconf 85' lang='lat' dir='ltr'>incitavisset,</span> <span class='ocrx_word' id='word_1_152' title='bbox 705 2812 791 2895; x_wconf 92' lang='lat' dir='ltr'>quod</span> <span class='ocrx_word' id='word_1_153' title='bbox 814 2811 863 2876; x_wconf 91' lang='lat' dir='ltr'>bis</span> <span class='ocrx_word' id='word_1_154' title='bbox 885 2812 998 2875; x_wconf 91' lang='lat' dir='ltr'>accidit</span> <span class='ocrx_word' id='word_1_155' title='bbox 1020 2831 1145 2896; x_wconf 90' lang='lat' dir='ltr'>semper</span> <span class='ocrx_word' id='word_1_156' title='bbox 1167 2812 1318 2885; x_wconf 90' lang='lat' dir='ltr'>horarum</span> <span class='ocrx_word' id='word_1_157' title='bbox 1340 2810 1456 2873; x_wconf 84' lang='lat' dir='ltr'>XXIV</span> 
     </span>
     <span class='ocr_line' id='line_1_19' title="bbox 334 2937 1456 3020; baseline -0.004 -19"><span class='ocrx_word' id='word_1_158' title='bbox 334 2938 444 3020; x_wconf 89' lang='lat' dir='ltr'>spati0,</span> <span class='ocrx_word' id='word_1_159' title='bbox 466 2956 571 3020; x_wconf 92' lang='lat' dir='ltr'>neque</span> <span class='ocrx_word' id='word_1_160' title='bbox 594 2937 740 3020; x_wconf 84' lang='lat' dir='ltr'>navibus,</span> <span class='ocrx_word' id='word_1_161' title='bbox 764 2938 850 3020; x_wconf 89' lang='lat' dir='ltr'>quod</span> <span class='ocrx_word' id='word_1_162' title='bbox 873 2957 986 3001; x_wconf 90' lang='lat' dir='ltr'>rursus</span> <span class='ocrx_word' id='word_1_163' title='bbox 1008 2939 1172 3001; x_wconf 91' lang='lat' dir='ltr'>minuente</span> <span class='ocrx_word' id='word_1_164' title='bbox 1196 2942 1286 3002; x_wconf 89' lang='lat' dir='ltr'>aestu</span> <span class='ocrx_word' id='word_1_165' title='bbox 1304 2956 1402 3001; x_wconf 84' lang='lat' dir='ltr'>naves</span> <span class='ocrx_word' id='word_1_166' title='bbox 1422 2937 1456 2998; x_wconf 92' lang='lat' dir='ltr'>in</span> 
     </span>
     <span class='ocr_line' id='line_1_20' title="bbox 337 3059 1456 3136; baseline 0 -13"><span class='ocrx_word' id='word_1_167' title='bbox 337 3061 426 3124; x_wconf 88' lang='lat' dir='ltr'>vadis</span> <span class='ocrx_word' id='word_1_168' title='bbox 460 3060 715 3136; x_wconf 78' lang='lat' dir='ltr'>afflictarentur.&#39;&#39;</span> <span class='ocrx_word' id='word_1_169' title='bbox 746 3061 846 3125; x_wconf 85' lang='lat' dir='ltr'>Addit</span> <span class='ocrx_word' id='word_1_170' title='bbox 875 3060 936 3125; x_wconf 90' lang='lat' dir='ltr'>Dio</span> <span class='ocrx_word' id='word_1_171' title='bbox 967 3059 1137 3125; x_wconf 90' lang='lat' dir='ltr'>Decimum</span> <span class='ocrx_word' id='word_1_172' title='bbox 1167 3060 1306 3124; x_wconf 91' lang='lat' dir='ltr'>Brutum</span> <span class='ocrx_word' id='word_1_173' title='bbox 1328 3060 1456 3124; x_wconf 88' lang='lat' dir='ltr'>tandem</span> 
     </span>
     <span class='ocr_line' id='line_1_21' title="bbox 337 3180 1457 3250; baseline -0.003 -1"><span class='ocrx_word' id='word_1_174' title='bbox 337 3184 463 3249; x_wconf 79' lang='lat' dir='ltr'>Caesari</span> <span class='ocrx_word' id='word_1_175' title='bbox 489 3185 609 3248; x_wconf 86' lang='lat' dir='ltr'>auxilio</span> <span class='ocrx_word' id='word_1_176' title='bbox 633 3187 759 3250; x_wconf 89' lang='lat' dir='ltr'>venisse</span> <span class='ocrx_word' id='word_1_177' title='bbox 782 3205 857 3249; x_wconf 92' lang='lat' dir='ltr'>cum</span> <span class='ocrx_word' id='word_1_178' title='bbox 879 3180 1036 3250; x_wconf 82' lang='lat' dir='ltr'>celeribus</span> <span class='ocrx_word' id='word_1_179' title='bbox 1055 3184 1192 3248; x_wconf 85' lang='lat' dir='ltr'>navibus</span> <span class='ocrx_word' id='word_1_180' title='bbox 1215 3205 1232 3249; x_wconf 93' lang='lat' dir='ltr'>e</span> <span class='ocrx_word' id='word_1_181' title='bbox 1255 3186 1336 3247; x_wconf 91' lang='lat' dir='ltr'>mari</span> <span class='ocrx_word' id='word_1_182' title='bbox 1357 3183 1457 3247; x_wconf 89' lang='lat' dir='ltr'>medi-</span> 
     </span>
     <span class='ocr_line' id='line_1_22' title="bbox 250 3309 1456 3392; baseline -0.002 -18"><span class='ocrx_word' id='word_1_183' title='bbox 250 3349 257 3361; x_wconf 90' lang='lat'><strong>·</strong></span> <span class='ocrx_word' id='word_1_184' title='bbox 335 3316 496 3389; x_wconf 71' lang='lat' dir='ltr'>terraneo,</span> <span class='ocrx_word' id='word_1_185' title='bbox 521 3328 618 3391; x_wconf 88' lang='lat' dir='ltr'>quam</span> <span class='ocrx_word' id='word_1_186' title='bbox 641 3329 709 3374; x_wconf 91' lang='lat' dir='ltr'>rem</span> <span class='ocrx_word' id='word_1_187' title='bbox 732 3309 846 3374; x_wconf 83' lang='lat' dir='ltr'>Caesar</span> <span class='ocrx_word' id='word_1_188' title='bbox 867 3330 933 3374; x_wconf 90' lang='lat' dir='ltr'>non</span> <span class='ocrx_word' id='word_1_189' title='bbox 957 3314 1190 3392; x_wconf 83' lang='lat' dir='ltr'>commemorat,</span> <span class='ocrx_word' id='word_1_190' title='bbox 1211 3310 1266 3374; x_wconf 88' lang='lat' dir='ltr'>sed</span> <span class='ocrx_word' id='word_1_191' title='bbox 1287 3309 1456 3372; x_wconf 89' lang='lat' dir='ltr'>dicitBru-</span> 
     </span>
     <span class='ocr_line' id='line_1_23' title="bbox 335 3433 1457 3519; baseline -0.004 -19"><span class='ocrx_word' id='word_1_192' title='bbox 335 3442 404 3500; x_wconf 92' lang='lat' dir='ltr'>tum</span> <span class='ocrx_word' id='word_1_193' title='bbox 427 3437 553 3500; x_wconf 81' lang='lat' dir='ltr'>venisse</span> <span class='ocrx_word' id='word_1_194' title='bbox 573 3437 604 3517; x_wconf 86' lang='grc'>4)</span> <span class='ocrx_word' id='word_1_195' title='bbox 626 3456 700 3499; x_wconf 92' lang='lat' dir='ltr'>cum</span> <span class='ocrx_word' id='word_1_196' title='bbox 720 3436 821 3518; x_wconf 90' lang='lat' dir='ltr'>classi,</span> <span class='ocrx_word' id='word_1_197' title='bbox 843 3456 939 3519; x_wconf 90' lang='lat' dir='ltr'>quam</span> <span class='ocrx_word' id='word_1_198' title='bbox 951 3435 1094 3518; x_wconf 87' lang='lat' dir='ltr'>habebat,</span> <span class='ocrx_word' id='word_1_199' title='bbox 1108 3435 1300 3517; x_wconf 83' lang='lat' dir='ltr'>Gallicisque</span> <span class='ocrx_word' id='word_1_200' title='bbox 1311 3433 1457 3515; x_wconf 78' lang='lat' dir='ltr'>navibus,</span> 
     </span>
     <span class='ocr_line' id='line_1_24' title="bbox 335 3559 1456 3644; baseline -0.001 -21"><span class='ocrx_word' id='word_1_201' title='bbox 335 3580 415 3644; x_wconf 88' lang='lat' dir='ltr'>quas</span> <span class='ocrx_word' id='word_1_202' title='bbox 444 3561 563 3643; x_wconf 87' lang='lat' dir='ltr'>pacatis</span> <span class='ocrx_word' id='word_1_203' title='bbox 592 3560 720 3643; x_wconf 86' lang='lat' dir='ltr'>populis</span> <span class='ocrx_word' id='word_1_204' title='bbox 750 3561 959 3643; x_wconf 81' lang='lat' dir='ltr'>imperaverat</span> <span class='ocrx_word' id='word_1_205' title='bbox 985 3562 1023 3642; x_wconf 84' lang='lat'>5).</span> <span class='ocrx_word' id='word_1_206' title='bbox 1048 3560 1081 3624; x_wconf 83' lang='lat' dir='ltr'>Si</span> <span class='ocrx_word' id='word_1_207' title='bbox 1105 3560 1268 3624; x_wconf 89' lang='lat' dir='ltr'>contendit</span> <span class='ocrx_word' id='word_1_208' title='bbox 1291 3559 1456 3624; x_wconf 80' lang='lat' dir='ltr'>Caesarem</span> 
     </span>
     <span class='ocr_line' id='line_1_25' title="bbox 334 3685 1454 3770; baseline 0.003 -23"><span class='ocrx_word' id='word_1_209' title='bbox 334 3704 400 3747; x_wconf 94' lang='lat' dir='ltr'>non</span> <span class='ocrx_word' id='word_1_210' title='bbox 422 3702 571 3767; x_wconf 82' lang='lat' dir='ltr'>magnam</span> <span class='ocrx_word' id='word_1_211' title='bbox 594 3702 682 3767; x_wconf 88' lang='lat' dir='ltr'>spem</span> <span class='ocrx_word' id='word_1_212' title='bbox 704 3685 739 3747; x_wconf 92' lang='lat' dir='ltr'>in</span> <span class='ocrx_word' id='word_1_213' title='bbox 758 3685 816 3748; x_wconf 90' lang='lat' dir='ltr'>hac</span> <span class='ocrx_word' id='word_1_214' title='bbox 837 3685 931 3750; x_wconf 90' lang='lat' dir='ltr'>classi</span> <span class='ocrx_word' id='word_1_215' title='bbox 950 3686 1109 3769; x_wconf 91' lang='lat' dir='ltr'>babuisse,</span> <span class='ocrx_word' id='word_1_216' title='bbox 1129 3688 1189 3750; x_wconf 92' lang='lat' dir='ltr'>hoc</span> <span class='ocrx_word' id='word_1_217' title='bbox 1200 3687 1333 3751; x_wconf 88' lang='lat' dir='ltr'>fortasse</span> <span class='ocrx_word' id='word_1_218' title='bbox 1346 3707 1454 3770; x_wconf 93' lang='lat' dir='ltr'>sump-</span> 
     </span>
    </p>
   </div>
   <div class='ocr_carea' id='block_1_5' title="bbox 368 3965 671 4396">
    <p class='ocr_par' dir='ltr' id='par_1_5' title="bbox 368 3965 671 4396">
     <span class='ocr_line' id='line_1_26' title="bbox 371 3965 670 4030; baseline 0.01 -16"><span class='ocrx_word' id='word_1_219' title='bbox 371 3966 397 4030; x_wconf 89' lang='lat'>1)</span> <span class='ocrx_word' id='word_1_220' title='bbox 415 3965 452 4014; x_wconf 71' lang='lat' dir='ltr'>ne</span> <span class='ocrx_word' id='word_1_221' title='bbox 469 3966 498 4015; x_wconf 82' lang='lat' dir='ltr'>s.</span> <span class='ocrx_word' id='word_1_222' title='bbox 516 3966 544 4015; x_wconf 79' lang='lat' dir='ltr'>c,</span> <span class='ocrx_word' id='word_1_223' title='bbox 563 3965 611 4018; x_wconf 89' lang='lat'>111.</span> <span class='ocrx_word' id='word_1_224' title='bbox 629 3967 670 4018; x_wconf 88' lang='lat'>11.</span> 
     </span>
     <span class='ocr_line' id='line_1_27' title="bbox 368 4053 669 4120; baseline 0.007 -16"><span class='ocrx_word' id='word_1_225' title='bbox 368 4053 395 4120; x_wconf 87' lang='lat' dir='ltr'>a)</span> <span class='ocrx_word' id='word_1_226' title='bbox 411 4055 448 4104; x_wconf 67' lang='lat' dir='ltr'>ne</span> <span class='ocrx_word' id='word_1_227' title='bbox 465 4056 495 4105; x_wconf 83' lang='lat' dir='ltr'>n.</span> <span class='ocrx_word' id='word_1_228' title='bbox 514 4056 543 4106; x_wconf 87' lang='lat' dir='ltr'>c.</span> <span class='ocrx_word' id='word_1_229' title='bbox 561 4056 610 4107; x_wconf 91' lang='lat'>111.</span> <span class='ocrx_word' id='word_1_230' title='bbox 629 4056 669 4106; x_wconf 78' lang='lat'>14.</span> 
     </span>
     <span class='ocr_line' id='line_1_28' title="bbox 370 4149 671 4215; baseline 0.003 -17"><span class='ocrx_word' id='word_1_231' title='bbox 370 4149 395 4215; x_wconf 81' lang='lat' dir='ltr'>a)</span> <span class='ocrx_word' id='word_1_232' title='bbox 412 4149 449 4198; x_wconf 71' lang='lat' dir='ltr'>ne</span> <span class='ocrx_word' id='word_1_233' title='bbox 466 4150 495 4199; x_wconf 84' lang='lat' dir='ltr'>s.</span> <span class='ocrx_word' id='word_1_234' title='bbox 513 4150 542 4199; x_wconf 87' lang='lat' dir='ltr'>c.</span> <span class='ocrx_word' id='word_1_235' title='bbox 562 4149 612 4199; x_wconf 86' lang='lat'>111.</span> <span class='ocrx_word' id='word_1_236' title='bbox 632 4149 671 4199; x_wconf 86' lang='lat' dir='ltr'>ra.</span> 
     </span>
     <span class='ocr_line' id='line_1_29' title="bbox 368 4239 667 4306; baseline 0.007 -18"><span class='ocrx_word' id='word_1_237' title='bbox 368 4240 394 4306; x_wconf 70' lang='grc' dir='ltr'>ρ)</span> <span class='ocrx_word' id='word_1_238' title='bbox 411 4239 448 4288; x_wconf 70' lang='lat' dir='ltr'>ne</span> <span class='ocrx_word' id='word_1_239' title='bbox 466 4240 495 4290; x_wconf 84' lang='lat' dir='ltr'>s.</span> <span class='ocrx_word' id='word_1_240' title='bbox 512 4240 542 4290; x_wconf 87' lang='lat' dir='ltr'>c.</span> <span class='ocrx_word' id='word_1_241' title='bbox 559 4240 608 4291; x_wconf 87' lang='lat'><em>111.</em></span> <span class='ocrx_word' id='word_1_242' title='bbox 626 4241 667 4291; x_wconf 78' lang='lat'>14.</span> 
     </span>
     <span class='ocr_line' id='line_1_30' title="bbox 371 4330 669 4396; baseline 0.003 -17"><span class='ocrx_word' id='word_1_243' title='bbox 371 4331 397 4396; x_wconf 83' lang='lat' dir='ltr'>s)</span> <span class='ocrx_word' id='word_1_244' title='bbox 413 4330 450 4380; x_wconf 70' lang='lat' dir='ltr'>oe</span> <span class='ocrx_word' id='word_1_245' title='bbox 468 4331 496 4380; x_wconf 81' lang='lat' dir='ltr'>n.</span> <span class='ocrx_word' id='word_1_246' title='bbox 514 4331 544 4380; x_wconf 85' lang='lat' dir='ltr'>e.</span> <span class='ocrx_word' id='word_1_247' title='bbox 561 4331 609 4382; x_wconf 88' lang='lat'><em>111.</em></span> <span class='ocrx_word' id='word_1_248' title='bbox 628 4332 669 4381; x_wconf 89' lang='lat'>11.</span> 
     </span>
    </p>
   </div>
   <div class='ocr_carea' id='block_1_6' title="bbox 0 0 1706 5190">
    <p class='ocr_par' dir='ltr' id='par_1_6' title="bbox 0 0 1706 5190">
     <span class='ocr_line' id='line_1_31' title="bbox 0 0 1706 5190; baseline 0 0"><span class='ocrx_word' id='word_1_249' title='bbox 0 0 1706 5190; x_wconf 95' lang='lat' dir='ltr'> </span> 
     </span>
    </p>
   </div>
  </div>
 </body>
</html>
