3424 5188
909 542 950 602 32

370 753 432 816 alia
454 757 519 816 erat
542 771 639 816 causa
661 771 719 814 cur
741 753 776 814 in
797 752 926 835 planitie
948 771 1088 836 pugnam
1108 753 1302 817 committere
1321 753 1488 818 noluerint.

368 875 523 958 Fortasse,
546 896 647 959 quum
670 877 814 958 equitatu
837 876 917 938 nihil
938 881 1068 959 possent
1090 876 1128 957 l),
1153 875 1293 940 Caesaris
1311 863 1507 960 equitatum

370 1001 554 1065 metuebant
583 1019 684 1084 eaque
714 1001 753 1065 de
784 1021 881 1066 causa
908 1021 942 1066 se
964 1003 999 1064 in
1022 1007 1145 1066 montes
1168 1001 1328 1085 collesque
1350 1005 1490 1068 conbde-

369 1131 450 1209 rant,
471 1131 509 1190 ut
532 1126 592 1190 sibi
615 1145 717 1209 aequo
739 1127 808 1190 loco
830 1132 1016 1210 pugnarent.
1038 1126 1149 1191 Subito
1170 1125 1331 1192 Romanos
1350 1099 1490 1212 aggressi

370 1257 447 1315 sunt
477 1252 524 1332 2),
556 1271 629 1335 pars
660 1271 770 1315 eorum
794 1257 842 1315 est
863 1253 955 1333 vieta,
978 1272 1050 1335 pars
1073 1253 1149 1316 vicit
1173 1257 1203 1316 et
1226 1258 1327 1317 castra
1349 1254 1490 1318 hostium

369 1379 458 1461 oepit
489 1376 552 1441 Dio
582 1378 678 1441 tradit
700 1397 736 1441 eo
759 1379 794 1440 in
815 1377 885 1439 loco
909 1396 963 1440 eos
986 1395 1055 1440 esse
1076 1378 1185 1458 victos,
1206 1376 1264 1440 ubi
1287 1375 1401 1442 Caesar
1422 1379 1491 1462 ipsc

369 1501 447 1582 fuit;
479 1504 514 1566 in
544 1505 778 1567 commentariis
802 1506 909 1566 autem
933 1504 1115 1566 invenimus
1140 1501 1303 1566 Caesarem
1328 1522 1492 1568 reversum

370 1647 388 1690 a
410 1629 625 1691 cohortatione
648 1628 788 1691 decimae
810 1628 945 1711 legionis
968 1628 1008 1690 iis
1027 1626 1206 1710 legionibus
1227 1625 1442 1708 (duodecimae
1459 1632 1491 1691 et

370 1755 531 1838 septimae)
564 1753 701 1834 affuisse,
732 1772 814 1836 quae
844 1755 984 1816 maxime
1009 1751 1234 1835 premebantur
1258 1755 1297 1834 3).
1320 1753 1408 1816 Titus
1431 1752 1489 1816 La·

368 1878 483 1943 bienus
504 1879 555 1942 his
577 1878 732 1962 legionem
757 1878 921 1958 decimam,
946 1895 1027 1960 quae
1053 1877 1201 1941 dextrum
1226 1897 1325 1941 comu
1349 1880 1490 1942 hostium

368 2006 495 2086 vicerat,
518 2009 548 2067 et
571 2003 651 2066 duas
674 2003 823 2086 legiones,
844 2004 979 2086 quaein
997 2003 1171 2066 novissimo
1192 2003 1319 2086 agmine
1333 2003 1489 2086 praesidio

368 2128 604 2211 impedimentis
636 2127 771 2204 fuerant,
807 2126 950 2190 subsidio
982 2128 1069 2190 misit
1100 2127 1131 2207 4)
1163 2145 1339 2209 eorumque
1370 2127 1490 2190 auxilio

368 2253 479 2317 Nervii
508 2253 602 2337 pulsi,
633 2254 688 2317 sed
717 2272 784 2315 uon
814 2253 1021 2315 circumventi
1051 2257 1082 2315 et
1102 2251 1259 2316 interfecti
1281 2257 1364 2332 sunt,
1389 2271 1491 2335 quum

369 2379 516 2462 praedam
540 2378 679 2442 facerent
700 2380 735 2440 in
758 2379 869 2448 eastris
890 2377 1117 2458 Romanorum,
1137 2377 1222 2460 quod
1242 2375 1302 2440 Dio
1320 2379 1490 2441 memoriae

368 2475 513 2587 prodidit.
538 2503 640 2588 Caput
658 2509 818 2586 quartum,
838 2505 871 2566 in
886 2523 949 2587 quo
962 2502 1081 2567 bellum
1095 2522 1169 2566 oum
1180 2502 1358 2568 Aduatucis
1372 2504 1487 2567 descri-

369 2629 462 2711 bitur,
481 2630 592 2712 paucis
614 2630 718 2712 iisque
736 2630 904 2712 perexigui
923 2629 1077 2691 momenti
1095 2628 1244 2711 exceptis,
1257 2633 1402 2692 scemate
1414 2648 1489 2692 cum

370 2753 501 2818 Caesare
525 2756 688 2819 consentit.
712 2754 859 2818 Primum
881 2774 899 2817 a
919 2752 1051 2817 Caesare
1072 2752 1175 2816 differt
1193 2753 1280 2835 quod
1293 2753 1369 2816 dicit
1379 2753 1488 2816 Adua

368 2884 458 2944 tucos
489 2900 577 2943 arma
607 2880 807 2964 quaedam
836 2879 875 2942 de
905 2898 998 2942 muro
1017 2879 1149 2960 jecisse;
1173 2893 1321 2961 magnam
1345 2878 1489 2941 multitu-

370 3005 476 3069 dinem
511 3025 670 3069 armorum
707 3005 746 3068 de
781 3023 874 3067 muro
904 3005 1049 3086 Jecerunt
1082 3004 1117 3064 in
1147 3003 1274 3085 fossam,
1305 3021 1387 3084 quae
1417 3007 1489 3066 ante

371 3131 521 3215 oppidum
545 3135 619 3212 erat,
643 3131 688 3193 sic
710 3135 748 3194 ut
762 3148 865 3212 ‚prope
888 3147 1048 3193 summam
1072 3129 1157 3190 muri
1177 3127 1365 3210 aggerisque
1386 3127 1491 3190 altitu-

370 3256 476 3320 dinem
508 3257 612 3319 acerri
642 3274 804 3318 armorum
835 3256 1048 3337 adaequarent
1072 3255 1110 3335 5).
1142 3251 1255 3335 Neque
1278 3272 1341 3334 eos,
1366 3255 1393 3316 si
1416 3252 1490 3316 an-

371 3401 473 3446 sarem
508 3382 684 3462 audiamus,
716 3381 885 3445 deditionis
915 3380 1080 3463 poenituit,
1113 3398 1214 3461 quum
1249 3396 1343 3462 opera
1376 3397 1489 3441 rursus

368 3508 552 3571 hominibus
581 3507 702 3570 nudata
730 3506 882 3586 viderent,
912 3505 968 3569 sed
999 3508 1098 3584 ,ante
1128 3506 1207 3566 mito
1237 3508 1274 3566 ut
1295 3503 1491 3566 intellectum

370 3637 418 3696 est
451 3633 584 3696 oonsilio
617 3633 708 3696 tertia
740 3631 857 3714 vigilia,
889 3650 953 3713 qua
984 3630 1115 3692 minime
1145 3629 1266 3692 arduus
1296 3628 1336 3690 ad
1365 3633 1491 3690 nostras

404 3898 729 3966 prunarum.¹

402 3989 929 4057 anonumunaun.

321 4063 324 4068 ’
404 4082 686 4146 umanum

403 4174 689 4236 ammaum

406 4265 687 4333 amanum
