3424 5188
858 518 897 579 16

295 731 371 822 Ιᾗὶτ
405 731 519 813 riohtig
553 730 668 810 holten,
700 729 774 792 dasz
805 728 919 794 Caesar
950 729 996 792 als
1020 749 1054 793 er
1077 729 1138 792 den
1160 729 1324 794 Helvetier
1347 733 1439 796 einen

319 854 446 917 Termin
475 854 528 917 fiir
559 855 609 918 die
640 853 824 937 Einholung
855 853 959 918 seiner
989 856 1137 918 Antwort
1158 856 1193 917 in
1216 855 1337 921 Betreff
1355 858 1440 922 ihres

320 977 592 1044 Durehmarsehes
615 979 676 1063 gab
703 981 732 1061 1)
755 980 854 1043 ihnen
877 979 967 1043 debei
991 981 1051 1044 wie
1073 978 1136 1043 Dio
1158 985 1243 1064 sagt:
1269 979 1322 1045 κου’
1338 1005 1366 1044 τι
1387 980 1438 1046 aa>

320 1102 441 1175 ἐλπίδος
475 1104 512 1174 ὥς
546 1101 596 1165 aad
629 1102 788 1182 ἐπιτρέψων
823 1102 908 1180 σφίσι
940 1102 991 1175 τὴν
1023 1095 1112 1167 δίοδον
1143 1103 1320 1168 ὑπετείνοοτο.
1346 1104 1441 1170 Denn

321 1234 410 1293 sonst
431 1235 515 1293 wttre
535 1248 569 1293 es
588 1228 817 1313 unbegreissioh
837 1230 898 1293 wie
918 1226 968 1294 die
987 1229 1150 1294 Helvetier
1166 1231 1279 1295 darauf
1287 1232 1441 1315 eingehen

320 1356 463 1419 konnten
494 1355 555 1418 den
583 1354 711 1419 Termin
741 1355 952 1437 abzuwarten,
984 1356 1047 1420 den
1070 1377 1112 1420 zu
1136 1357 1248 1422 stellen
1270 1359 1440 1442 eigentlioh

258 1491 261 1498 ’
320 1501 377 1565 gar
403 1481 479 1546 kein
506 1481 639 1544 anderen
670 1480 782 1544 Grund
812 1481 858 1544 als
881 1481 948 1544 Zeit
970 1502 1010 1545 zu
1031 1484 1201 1565 gewinnen
1226 1483 1347 1567 oblag.'’
1370 1483 1442 1547 Hoo

320 1608 406 1672 idem
438 1607 498 1672 Dio
528 1609 675 1691 opinatus
698 1611 746 1670 est
769 1611 799 1670 et
821 1626 858 1670 ea
881 1607 919 1670 de
942 1627 1039 1671 eausa
1061 1608 1182 1673 addidit
1204 1607 1301 1672 verba
1323 1608 1440 1691 quibus

299 1732 539 1829 ⁸Eyssenhardt
561 1735 671 1814 utitur,
694 1737 730 1796 ut
754 1733 947 1796 demonstret
968 1730 1103 1796 Dionem
1128 1738 1192 1796 tam
1216 1734 1350 1816 egregiis
1373 1734 1441 1797 fon-

320 1857 407 1921 tibus
438 1877 508 1922 esse
537 1877 642 1921 usum.
669 1856 783 1920 Caesar
803 1859 872 1940 ipse
895 1857 971 1920 dicit
995 1858 1041 1936 1):
1069 1857 1221 1940 „Tamem
1244 1863 1281 1922 ut
1304 1862 1442 1942 spatium
1535 1880 1543 1895 ·

321 1985 514 2049 intercedere
536 1990 651 2068 posset,
674 1985 751 2047 dum
770 1984 886 2047 milites
904 2003 984 2066 quos
1002 1983 1211 2066 imperaverat
1229 1986 1442 2066 convenirent,

320 2113 432 2196 legatis
467 2112 650 2195 respondet:
688 2113 772 2176 diem
806 2130 840 2174 se
874 2112 914 2174 ad
948 2110 1188 2175 deliberandum
1220 2116 1441 2195 sumpturum3

322 2239 349 2301 si
373 2238 450 2320 quid
472 2237 590 2300 veilent
613 2237 651 2300 ad
673 2235 751 2300 Idus
774 2237 873 2320 April.
897 2235 1159 2301 reverterentur.”
1184 2235 1361 2300 Consilium
1384 2237 1442 2320 igi-

322 2369 376 2427 tur
408 2381 473 2425 non
507 2363 594 2443 celat,
629 2363 684 2426 sed
718 2382 783 2425 non
815 2362 930 2427 diserte
961 2362 1056 2444 addit,
1088 2369 1198 2426 utrum
1230 2364 1351 2446 aliquid
1376 2366 1443 2447 spei

324 2489 443 2552 dederit
465 2488 621 2552 Helvetiis
644 2509 685 2551 en
707 2508 780 2551 non.
806 2487 893 2563 Quae
915 2508 966 2552 res
989 2508 1054 2551 non
1077 2490 1185 2572 magni
1204 2491 1358 2552 momenti
1374 2509 1444 2553 esse

322 2614 457 2676 videtur.
492 2612 639 2676 Fortasse
673 2633 748 2676 vera
783 2619 839 2694 est,
870 2615 925 2677 sed
955 2615 1049 2676 etiam
1082 2613 1150 2676 fieri
1171 2618 1283 2696 potest,
1306 2618 1343 2677 ut
1365 2614 1443 2677 eliae

324 2757 438 2801 causae
460 2738 697 2818 intercederent,
722 2738 839 2820 quibus
863 2739 902 2802 de
923 2739 1028 2802 eausis
1051 2737 1189 2802 Helvetii
1213 2738 1273 2801 hoo
1291 2757 1442 2824 responso

323 2866 463 2928 contenti
492 2864 629 2928 fuerunt.
659 2863 717 2928 Est
747 2865 998 2928 additamentum
1031 2865 1195 2946 ejusmodi,
1227 2865 1332 2948 qualia
1360 2865 1444 2948 apud

324 2989 460 3054 Dionem
491 2995 641 3054 sexcenta
671 2992 862 3054 invenimus.
887 2990 998 3054 Statim
1021 2993 1056 3054 in
1080 2991 1190 3054 eodem
1213 2992 1313 3074 oepite
1337 3009 1444 3054 exem-

324 3116 414 3200 plum
443 3117 607 3200 proferam.
638 3116 734 3179 initio
763 3118 873 3198 eapitis
905 3117 944 3178 31
978 3115 1038 3180 Dio
1071 3117 1162 3180 dioit:
1194 3121 1308 3195 Κοιῖοοορ
1331 3115 1362 3178 δὲ
1385 3109 1445 3194 εὗρε

325 3239 380 3317 μὲν
403 3238 482 3304 οὐδὲν
506 3242 535 3304 ἐν
558 3249 594 3320 τῇ
618 3241 754 3322 Γολοοτίμ
778 3239 915 3318 πολέμιον
916 3289 1034 3314 ......
1059 3243 1090 3305 οὗ
1110 3241 1207 3318 μέντοι
1226 3240 1277 3305 rai
1302 3243 1330 3304 ἐν
1353 3239 1443 3321 εἰρήνῃ

325 3365 474 3443 διεγένετο,
506 3365 590 3430 ἄλλον
621 3364 673 3430 κοοὶ
704 3364 877 3443 οούτομοὶτου
905 3367 937 3430 τὸ
967 3371 1075 3446 πρῶτον
1107 3365 1237 3444 πολέμου
1269 3366 1343 3438 τινος
1365 3365 1445 3445 αὐτῷ

324 3488 497 3568 συμβάντος
527 3488 618 3570 ἕτερος
649 3489 821 3569 συνηνέχθη,
854 3489 924 3554 ὥστ’
954 3491 1050 3561 αὐτὸν,
1076 3489 1168 3571 ὥσπερ
1191 3492 1221 3564 ἐς
1244 3491 1285 3554 τοὶ
1309 3489 1446 3568 μάλιστα

324 3614 469 3692 ἐπεθύμει,
504 3612 606 3679 τοὶντοι
640 3614 692 3679 κοοὶ
729 3623 897 3692 πολεμῆσαι
927 3613 979 3678 ux>
1011 3616 1221 3696 aaropdcioou.”
1252 3617 1325 3680 Non
1353 3617 1444 3681 facile

325 3743 466 3806 inveniet
494 3743 618 3825 aliquis,
649 3743 736 3806 unde
766 3740 827 3805 Dio
850 3743 910 3806 hoo
933 3748 988 3807 aut
1010 3743 1070 3806 alia
1093 3744 1277 3824 hujusmodi
1301 3763 1446 3826 sumpse-

325 3872 375 3952 rit,
398 3871 454 3934 sed
475 3870 554 3934 solet
576 3870 651 3934 tedia
673 3870 787 3933 addere
809 3874 847 3932 ut
869 3871 1006 3934 rationes
1026 3889 1134 3933 rerum
1154 3873 1314 3952 gestarum
1329 3869 1446 3949 reddat,

325 3999 360 4060 in
383 3996 501 4080 quibus
524 4015 777 4078 nonnumquam,
801 3995 1069 4078 quemadmodum
1088 3995 1148 4076 hie,
1167 3995 1331 4058 veritatem
1344 3994 1447 4075 tradit,

329 4175 474 4184 -a--n——n

362 4269 385 4335 1)
403 4269 438 4316 ne
457 4270 484 4319 s.
503 4269 531 4318 e.
551 4269 570 4320 1.
589 4267 613 4320 τ.
643 4257 646 4262 ’
