3424 5188
810 537 851 598 47

272 745 333 809 Dio
356 747 440 840 dicit,
462 747 646 811 Brittannos
668 767 784 812 venare
804 747 1004 831 pabulatores
1024 748 1194 812 Romanos.
1206 747 1267 812 Dio
1280 750 1395 814 deinde

264 874 315 936 -ita
343 875 462 956 pergit:
493 870 544 935 axi
575 871 610 945 bb
634 870 685 936 aa>
710 871 801 952 μάχῃ
825 871 880 935 τινὶ
905 874 935 936 ἕν
956 873 996 954 τῷ
1020 873 1097 952 ψιλῷ
1121 873 1292 946 ἡττηθέντες
1319 873 1393 947 ὑπή-

273 995 369 1074 γαγόν
401 1003 487 1077 σφας
522 998 702 1081 (Romanos)
738 999 832 1062 ἐκεῖσε
867 998 950 1061 κατὰ
980 997 1032 1070 τὴν
1063 995 1157 1072 δίωξιν
1185 996 1236 1062 καὶ
1269 999 1394 1077 συχνοὺς

272 1121 512 1194 ἀντντέκτενννν,
537 1123 616 1186 dum
639 1125 723 1206 apud
748 1122 914 1187 Caesarem
940 1125 969 1205 1)
992 1123 1086 1206 longe
1111 1124 1172 1187 alia
1195 1132 1393 1206 sequuntur:

277 1249 347 1329 „nt
376 1249 492 1313 milites
523 1249 656 1354 legionis
688 1250 839 1333 septimae
870 1249 1030 1313 testudine
1060 1248 1142 1312 facta
1165 1255 1196 1312 et
1219 1268 1332 1333 aggere
1356 1250 1396 1312 ad

275 1374 470 1436 munitiones
498 1373 617 1455 adjecto
640 1373 747 1436 locum
771 1380 922 1456 oeperunt
945 1391 1064 1455 eosque
1087 1391 1129 1436 ex
1153 1373 1242 1436 silvis
1265 1374 1396 1456 expule-

274 1504 350 1560 runt
378 1499 490 1579 paucis
520 1496 709 1562 vulneribus
740 1499 884 1580 acceptis.
917 1497 978 1560 Sed
1012 1516 1066 1560 eos
1087 1497 1245 1580 fugientes
1267 1499 1395 1582 longius

276 1618 390 1684 Caesar
421 1623 571 1704 prosequi
601 1624 711 1705 vetuit
742 1628 773 1686 et
805 1622 890 1705 quod
920 1622 982 1685 loci
1008 1627 1156 1685 naturam
1179 1622 1344 1706 ignorabat
1366 1627 1396 1687 et

277 1746 363 1828 quod
384 1767 501 1828 magna
522 1752 610 1831 parte
632 1748 695 1811 diei
717 1753 906 1831 consumpta
929 1749 1101 1811 munitioni
1123 1753 1299 1812 casuorum
1318 1754 1396 1812 tem-

275 1891 337 1954 pus
367 1871 507 1956 relinqui
536 1871 690 1936 volebat’'
722 1873 941 1954 Eyssenhardt
964 1875 1004 1955 2),
1034 1872 1073 1936 de
1096 1892 1159 1956 quo
1179 1874 1246 1954 jam
1270 1876 1397 1957 saepius

278 1995 354 2078 dixi,
385 2015 450 2060 non
483 1996 605 2060 dubitat
628 1997 817 2061 contendere
839 1995 957 2060 falsum
978 2017 1048 2062 esse
1072 1998 1157 2080 qnod
1180 1997 1265 2080 apud
1288 1997 1398 2062 Caesa-

277 2140 354 2204 rem,
393 2141 507 2185 verum
543 2122 629 2205 quod
663 2122 748 2206 apud
782 2120 918 2186 Dionem
952 2124 1123 2186 invenitur.
1157 2121 1269 2186 Paullo
1302 2123 1401 2206 igitur

278 2250 457 2312 accuratius
479 2249 585 2311 locum
607 2249 815 2332 inspiciamus
839 2254 869 2312 et
891 2250 1056 2311 videamus
1079 2248 1156 2330 quid
1175 2249 1209 2310 in
1229 2252 1399 2330 utramque

277 2379 396 2456 partem
433 2375 588 2458 disputari
621 2377 729 2458 possit.
765 2375 984 2455 Eyssenhardt
1017 2393 1083 2436 non
1114 2373 1270 2456 intelligit
1302 2393 1400 2456 quare

279 2497 392 2562 Caesar
416 2498 658 2563 Brittannorum
680 2501 900 2581 munitionem,
925 2501 952 2562 si
971 2517 1006 2562 re
1026 2517 1102 2561 vera
1118 2519 1137 2561 a
1155 2498 1311 2562 militibus
1330 2518 1399 2582 sep-

279 2626 374 2689 timae
402 2626 536 2708 legionis
560 2631 651 2709 capta
673 2631 764 2707 esset,
787 2645 852 2688 non
876 2626 1084 2708 occupaverit.
1110 2623 1203 2700 Quod
1223 2626 1288 2706 pisi
1309 2623 1402 2687 fallor

279 2769 315 2813 ea
338 2751 377 2814 de
399 2769 496 2814 causa
518 2771 583 2814 non
606 2751 689 2832 fecit,
713 2751 798 2833 quod
818 2758 921 2814 castra
937 2749 1082 2813 Romana
1100 2749 1280 2832 legionibus
1299 2750 1400 2813 multo

279 2877 399 2957 aptiora
428 2882 459 2939 et
488 2879 604 2939 tutiora
633 2880 723 2939 erant
752 2896 849 2959 quam
871 2875 1008 2938 munitio
1032 2873 1273 2937 Brittannorum
1295 2893 1400 2956 neque

277 3001 455 3082 periculum
479 3005 546 3064 erat
569 3007 604 3064 ut
626 3001 795 3082 Brittanni,
819 3002 875 3083 qui
891 3019 995 3082 nuper
1013 3001 1089 3062 victi
1106 3005 1194 3062 erant
1207 3005 1400 3064 reverteren-

278 3129 338 3188 tur.
370 3124 527 3188 Postridie
556 3131 725 3208 tempestas
755 3126 932 3205 nuntiatur,
964 3144 1028 3206 qua
1049 3143 1146 3207 prope
1170 3143 1280 3186 omnes
1302 3143 1400 3188 naves

279 3250 412 3313 afflictae
443 3255 538 3334 atque
569 3252 603 3313 in
633 3251 724 3315 litore
747 3252 864 3332 ejectae
884 3258 973 3314 erant
996 3251 1026 3330 3)
1051 3254 1082 3313 et
1105 3249 1220 3313 Caesar
1242 3250 1275 3311 in
1300 3254 1402 3313 castra

279 3377 456 3458 revertitur,
486 3380 523 3440 ut
552 3395 650 3440 naves
680 3376 807 3439 reficiat.
835 3374 996 3439 Brittanni
1019 3380 1126 3438 autem
1147 3395 1213 3437 non
1237 3373 1401 3438 Caesarem

278 3506 524 3584 persequuntur,
548 3501 634 3583 quod
657 3502 726 3564 sine
749 3499 846 3563 dubio
871 3500 1028 3581 fecissent,
1053 3501 1080 3562 si
1102 3518 1136 3562 re
1159 3517 1234 3588 vera
1251 3500 1403 3562 vicissent

278 3623 439 3688 Romanos
463 3631 493 3689 et
515 3625 634 3688 multos
658 3644 769 3688 eorum
791 3623 1032 3704 interfecissent,
1055 3623 1111 3686 sed
1130 3623 1252 3687 auxilia
1270 3643 1289 3686 a
1308 3624 1402 3686 sociis

280 3756 445 3815 arcessunt
466 3753 509 3833 4),
532 3751 619 3834 quod
640 3750 778 3834 profecto
801 3769 867 3813 non
889 3750 1048 3831 fecissent,
1068 3751 1096 3812 si
1115 3751 1279 3812 victoriam
1296 3767 1402 3830 repor-

315 3997 338 4056 1)
355 3995 393 4045 Do
409 3997 438 4045 B.
454 3997 484 4045 G.
504 3996 533 4045 V.
552 3999 575 4046 9.

313 4088 340 4153 2)
356 4103 411 4153 pag.
428 4087 487 4139 tol.

314 4180 341 4242 3)
360 4179 396 4227 De
415 4179 441 4229 Β.
461 4179 491 4228 G.
509 4179 537 4226 V.
556 4179 594 4227 lo.
613 4179 643 4228 D.
661 4177 688 4227 C.
706 4177 758 4227 XL.
775 4178 799 4225 2.

313 4271 340 4336 4)
357 4271 393 4319 Dc
410 4273 437 4320 B.
454 4271 484 4318 G.
503 4270 532 4320 V.
551 4271 589 4319 ll.
609 4271 638 4319 D.
658 4268 686 4319 C.
706 4269 757 4318 XL.
775 4270 799 4317 2.
