3424 5188
814 559 854 621 13

275 771 410 835 dubium
432 771 567 852 videtur,
591 770 670 853 quin
692 771 727 833 in
750 769 837 834 hisce
860 769 956 834 rebus
980 767 1094 834 Caesar
1117 768 1281 833 veritatem
1305 767 1397 831 nobis

275 899 388 960 narret.
422 893 515 969 Quod
545 895 761 959 demonstrare
793 895 938 958 conabor.
971 893 1033 958 Sed
1063 894 1155 959 video
1180 894 1397 958 doctissimum

274 1023 381 1086 virum
404 1020 505 1083 Erana
529 1019 748 1101 Eyssenhardt
769 1021 798 1101 1)
819 1020 1009 1084 contrariam
1030 993 1218 1084 sententiam
1229 1020 1399 1104 protulisse
1452 1099 1456 1110 Ι

277 1166 352 1210 oum
383 1146 421 1210 de
450 1145 593 1210 fontibus
624 1144 738 1210 Dionis
760 1147 794 1209 in
818 1148 877 1209 hae
899 1151 987 1230 parte
1011 1148 1114 1232 operis
1138 1151 1208 1210 tum
1231 1146 1270 1210 de
1292 1150 1399 1210 aueto-

277 1272 378 1352 ritate
408 1289 489 1352 quae
512 1272 541 1334 ei
565 1272 606 1334 sit
627 1271 803 1335 tribuenda.
828 1270 929 1353 Cujus
953 1273 1143 1341 sententiam
1166 1272 1293 1337 afferam
1317 1278 1348 1336 et
1372 1273 1400 1336 si

277 1396 345 1460 fieri
368 1401 472 1480 potest
492 1397 641 1460 refellam.
664 1395 714 1460 ita
735 1397 827 1460 dicit:

326 1571 340 1603 „
352 1520 436 1586 Dasz
459 1520 544 1585 Dion
566 1521 777 1587 vortreffliohe
798 1521 932 1598 Quellen
951 1524 1109 1606 benutzte,
1128 1525 1212 1608 zeigt
1228 1523 1400 1588 besonders

245 1699 249 1705 .
279 1648 330 1712 die
360 1647 455 1712 Stella
483 1646 551 1710 XL.
576 1649 604 1730 9,
627 1668 676 1711 wo
699 1667 733 1712 es
755 1631 1035 1732 hei‘Gelegenheit
1058 1650 1145 1713 einer
1168 1648 1241 1713 dem
1263 1647 1402 1732 Legaten

278 1773 386 1837 Cicero
417 1773 673 1838 zukommenden
703 1774 875 1837 Naehricht
905 1775 1022 1838 heiszt:
1054 1773 1138 1838 εἰώθει
1163 1773 1194 1837 δὲ
1217 1772 1268 1838 aa>
1292 1771 1401 1845 ἄλλως,

279 1896 365 1962 ὁπότε
395 1922 423 1961 τι
449 1897 484 1961 δι’
509 1899 673 1979 νὶτνρρήτννν
697 1897 752 1963 τινὶ
776 1897 945 1971 ἐπέστελλε,
970 1899 1002 1962 τὸ
1026 1897 1162 1978 τέταρτον
1186 1896 1234 1962 ἀεὶ
1258 1904 1403 1976 στοιχεῖον

280 2021 348 2088 riori
370 2026 420 2086 τοῦ
444 2022 616 2096 καθήκοντος
639 2022 870 2104 κντεννρνὶφενν,
894 2020 970 2096 drus
990 2021 1027 2088 ἂν
1049 2021 1191 2101 ἄγνωστοι
1210 2029 1269 2094 τοῖς
1282 2027 1403 2093 πολλοῖς

281 2146 298 2229 ᾖ
323 2148 362 2213 τὰ
385 2147 572 2230 γραφόμενα.
597 2149 738 2214 Hiervon
764 2156 834 2235 sagi
856 2149 971 2214 Caesar
992 2150 1099 2214 weder
1119 2149 1171 2213 bei
1195 2148 1403 2232 Gelegenheit

283 2274 447 2338 derselben
476 2275 639 2339 Botsohaft
669 2274 708 2338 V.
741 2277 783 2338 48
814 2276 897 2339 noch
927 2275 1089 2360 irgendwo
1121 2279 1210 2338 sonet
1232 2280 1336 2338 etwas.
1359 2272 1404 2338 Es

281 2401 358 2486 liegt
380 2401 438 2465 auf
458 2402 514 2466 der
534 2402 640 2484 Hand,
662 2403 736 2467 dasz
760 2422 825 2466 wer
848 2404 933 2467 diese
956 2402 1050 2468 Notis
1071 2403 1142 2467 dem
1162 2400 1248 2464 Dion
1263 2400 1405 2484 geliefert

283 2527 376 2609 hatte,
412 2526 485 2590 sehr
516 2547 622 2610 genau
653 2529 712 2590 mit
741 2527 871 2591 Caesare
902 2527 995 2591 Thun
1019 2527 1087 2592 und
1108 2526 1242 2592 Treiben
1264 2525 1405 2589 bekannt

284 2655 353 2717 sein
376 2659 490 2736 muste,
511 2654 580 2717 und
602 2653 701 2738 gewis
723 2653 874 2718 benutzte
896 2652 981 2718 Dion
1001 2655 1072 2718 eine
1092 2652 1212 2735 Quelle,
1232 2654 1282 2716 die
1303 2672 1337 2716 so
1350 2672 1403 2735 ge-

284 2797 367 2841 naue
389 2776 524 2842 Notizeu
548 2779 679 2842 enthielt
701 2778 818 2842 ebenso
841 2779 949 2862 hadfig
973 2778 1019 2842 als
1044 2780 1089 2843 sie
1111 2777 1256 2842 werthfol
1277 2776 1373 2841 war.’'

330 2903 426 2988 Fugit
456 2905 562 2967 virum
587 2905 807 2968 doctissimum
829 2904 890 2968 ho‘o
911 2905 996 2968 idem
1019 2903 1172 2967 traditum
1196 2921 1265 2966 esse
1289 2922 1307 2964 a
1330 2900 1408 2965 Sue

284 3032 371 3093 tenio
396 3032 426 3111 2)
448 3035 480 3094 et
503 3051 605 3114 quum
628 3030 838 3096 demonstrari
860 3032 961 3114 possit
984 3029 1174 3094 Suetonium
1196 3028 1306 3092 multis
1330 3016 1408 3091 loeis

285 3176 303 3218 a
337 3154 441 3219 Dione
471 3156 649 3220 adhibitum
680 3175 749 3220 esse
780 3176 846 3220 non
878 3156 997 3240 dubito,
1031 3157 1109 3239 quin
1140 3157 1235 3218 etiam
1258 3155 1318 3217 hoo
1339 3153 1408 3216 loeo

285 3281 372 3344 illius
394 3281 469 3344 vitis
490 3301 571 3345 usus
596 3282 644 3344 sit.
666 3281 770 3365 Igitur
793 3301 859 3345 non
877 3301 990 3346 verum
1011 3285 1066 3363 est,
1086 3280 1172 3363 quod
1191 3280 1409 3361 Eyssenhardt
1441 3359 1443 3362 ι

287 3406 419 3489 probare
441 3412 590 3470 conatur:
614 3407 702 3471 huno
724 3408 831 3471 locum
856 3406 1029 3490 ostendere,
1053 3404 1190 3472 Dionem
1213 3407 1248 3468 in
1270 3405 1409 3469 consori-

289 3530 392 3593 benda
417 3529 626 3610 Galhnibelli
649 3533 781 3596 historia
802 3537 926 3616 praeter
946 3531 1112 3596 Caesarem
1131 3531 1226 3595 etiam
1238 3530 1299 3594 alio
1313 3531 1411 3613 serip-

288 3661 356 3720 tore
386 3676 455 3721 esse
485 3678 590 3721 usum.
623 3657 775 3722 Suetonio
804 3679 885 3723 usus
909 3663 965 3741 est,
990 3658 1136 3741 eonoedo,
1160 3658 1215 3722 sed
1238 3657 1410 3722 Suetonius

282 3800 348 3844 non
385 3783 511 3868 scripsit
543 3784 582 3849 de
611 3783 694 3848 bello
717 3783 845 3847 Gallico
870 3784 959 3848 Haeo
978 3785 1085 3848 omnia
1106 3803 1171 3847 non
1193 3784 1352 3868 pertinent
1372 3783 1412 3847 ad

324 4127 349 4188 1)
368 4126 447 4175 Franz
465 4125 638 4190 Eyssenhardt.
656 4125 690 4174 Eu
707 4125 749 4175 der
766 4126 843 4190 Frage
860 4126 920 4176 iiber
938 4125 977 4176 die
995 4125 1224 4190 Glsubwiirdigksit
1246 4142 1292 4175 von
1312 4123 1412 4175 Caesare

290 4216 491 4266 commentarien.
510 4217 665 4266 Fleckeisens
681 4216 842 4266 Jahrbdcher.
861 4217 903 4266 85.

329 4309 356 4374 2)
375 4309 475 4358 Sueten.
493 4307 562 4360 Cass.
582 4310 622 4358 te.
