3424 5188
782 592 824 654 45

241 807 278 865 ut
298 805 499 885 praetextum
521 800 624 864 Rheni
646 800 833 863 transeundi
852 798 988 880 haberet,
1009 800 1101 881 cujus
1120 800 1167 862 rei
1189 797 1321 862 Caesare
1335 799 1364 878 1)

242 932 370 991 auctore
388 910 568 1008 justissima
588 925 643 988 illa
664 925 726 988 fuit
745 944 850 1006 causa,
870 925 964 1007 quod,
984 944 1087 1007 quum
1100 923 1221 988 videret
1235 922 1364 987 Cerma-

241 1070 300 1115 nos
330 1055 396 1115 tam
426 1050 517 1114 facile
538 1049 667 1133 impelli,
689 1055 727 1113 ut
748 1051 783 1113 in
807 1049 942 1113 Calliam
963 1051 1118 1132 venirent,
1142 1051 1210 1114 suis
1234 1068 1364 1132 quoque

241 1174 337 1240 rebus
368 1193 422 1238 eos
453 1176 564 1239 timere
598 1175 705 1238 voluit.
735 1174 880 1239 Accessit
905 1175 934 1256 1)
963 1175 1066 1257 modo,
1090 1174 1177 1257 quod
1198 1173 1367 1258 Sygambri

241 1304 434 1386 negaverant
457 1319 491 1364 se
514 1301 637 1383 equites
659 1299 808 1384 Usipetes
832 1319 902 1364 esse
926 1300 1097 1364 dedituros.
1121 1299 1184 1364 Sed
1202 1298 1263 1363 Dio
1284 1300 1366 1362 ordi·

242 1446 317 1490 nem
350 1430 461 1507 mutat,
495 1429 526 1488 et
556 1444 638 1507 quae
670 1423 796 1488 Caesari
825 1445 921 1490 causa
942 1425 1046 1489 fuerat
1069 1425 1209 1489 secunda
1230 1427 1367 1509 primam
1472 1507 1476 1514 ι

242 1550 325 1633 facit,
349 1569 430 1634 quae
451 1549 577 1614 Caesari
601 1551 704 1634 prima
728 1551 909 1614 secundam.
931 1549 1020 1626 Quae
1039 1551 1212 1615 admodum
1231 1551 1369 1616 breviter

244 1678 331 1741 addit
352 1678 391 1741 de
414 1677 617 1760 expeditione
640 1677 710 1759 ipsa
731 1676 825 1762 plane
849 1696 922 1740 cum
948 1675 1080 1741 Caesare
1103 1678 1314 1741 consentiunt.

290 1803 361 1888 Cap.
392 1805 435 1866 49
466 1803 616 1867 Rhenum
648 1802 798 1866 describit
819 1808 850 1866 et
873 1823 938 1887 cap,
964 1804 1005 1866 50
1029 1802 1252 1886 Brittanniam,
1276 1821 1367 1886 qnae,
1393 1825 1396 1832 ·

247 1931 410 2013 quianon
433 1929 472 1992 ad
493 1929 693 2012 propositum
714 1929 882 2011 pertinent,
904 1930 1003 1992 missa
1024 1929 1104 1991 facio
1128 1934 1159 1993 ct
1180 1935 1305 1993 transeo
1330 1929 1370 1992 ad

245 2055 347 2138 capita
375 2055 414 2116 51
440 2058 471 2117 et
495 2055 536 2116 52
559 2072 640 2136 quae
664 2053 703 2117 de
725 2054 827 2137 prima
850 2052 991 2117 Caesaris
1016 2054 1217 2137 expeditione
1235 2055 1270 2116 in
1286 2053 1370 2117 Brit-

250 2181 393 2242 tanniam
416 2183 523 2261 agunt.
546 2177 712 2261 Pleraque,
735 2197 817 2260 quae
840 2178 925 2261 apud
944 2176 1079 2241 Dionem
1100 2178 1260 2262 leguntur,
1277 2179 1370 2262 plane

248 2305 359 2368 eodem
390 2303 484 2366 modo
516 2303 601 2386 apud
624 2303 789 2367 Caesarem
814 2304 844 2382 2)
869 2303 1025 2386 descripta
1047 2305 1239 2387 invenimus,
1260 2306 1370 2387 paucis

249 2431 399 2513 exceptis,
423 2449 505 2512 quae
528 2428 656 2493 afferam
679 2433 716 2492 ut
739 2431 916 2493 constantia
935 2428 1047 2493 Dionis
1066 2431 1101 2493 in
1114 2429 1274 2494 erroribus
1286 2449 1371 2494 com-

248 2554 411 2618 mittendis
434 2558 588 2637 appareat,
611 2553 727 2616 Narrat
750 2555 779 2634 3)
803 2553 988 2618 Brittannos
1008 2559 1080 2637 post
1098 2555 1232 2638 primam
1250 2555 1372 2618 cladem

247 2680 367 2763 legatos
390 2678 430 2742 ad
453 2677 618 2742 Caesarem
641 2679 679 2742 de
698 2697 775 2762 pace
794 2680 921 2744 misisse
940 2699 1114 2764 pacemque
1131 2699 1206 2744 cum
1216 2679 1369 2744 Romanis

250 2806 475 2888 composuisse,
503 2805 558 2868 sed
581 2805 675 2869 classi
697 2804 841 2872 Romana
863 2812 1048 2890 tempestate
1071 2807 1186 2871 afflicta
1210 2827 1263 2872 eos
1286 2809 1373 2890 pacis

249 2931 406 3013 poenituit
428 2934 459 2992 et
482 2929 600 2993 bellum
624 2936 820 2996 renovarunt
842 2934 882 3012 4),
905 2930 979 2996 Non
1000 2938 1107 2998 autem
1127 2939 1232 3017 aperte
1245 2934 1373 3017 aggredi

250 3053 411 3119 Romanos
442 3057 513 3119 ausi
544 3061 628 3138 sunt,
660 3056 716 3120 sed
744 3059 800 3139 qui
830 3032 1061 3122 frumentatum
1082 3061 1173 3123 missi
1196 3064 1293 3141 erant,
1316 3061 1375 3122 cir·

252 3185 485 3244 cumvencrunt
508 3185 539 3244 et
562 3166 731 3264 plerosque
756 3201 865 3246 eorum
887 3183 1113 3247 interfecerunt
1134 3186 1244 3266 paucis
1263 3204 1376 3268 excep-

253 3305 305 3387 tis,
335 3304 454 3388 quibus
485 3325 504 3368 a
527 3304 659 3370 Caesare
682 3307 825 3372 celeriter
848 3307 1043 3372 subventum
1067 3314 1121 3373 est.
1144 3310 1242 3393 Apud
1266 3308 1377 3374 Caesa-

252 3449 321 3494 rem
357 3431 386 3511 5)
420 3431 604 3496 invenimus
636 3437 733 3496 tota-m
765 3432 922 3516 legionem
953 3435 1120 3517 septimam
1147 3434 1377 3498 frumentatum

252 3574 323 3620 esse
356 3558 487 3620 missam
522 3575 627 3640 neque
664 3559 834 3642 plerosque
869 3578 980 3623 eorum
1011 3579 1080 3624 esse
1109 3559 1289 3624 interfectos
1320 3560 1376 3624 sed

252 3701 380 3766 paucos
402 3683 610 3766 reliquosque
633 3685 763 3748 incertis
783 3684 949 3748 ordinibus
969 3703 1038 3748 esse
1056 3683 1375 3768 pe1turbatos.Ejus-

290 3953 316 4016 l)
335 3952 372 4001 De
388 3953 417 4002 B.
438 3950 467 4002 G.
486 3952 530 4001 IV.
549 3953 589 4001 lo.

291 4042 315 4102 2)
332 4041 368 4091 De
386 4042 415 4092 B.
433 4042 462 4092 G.
481 4041 525 4093 IV.
543 4041 652 4092 20-36.
818 4088 822 4097 ,

289 4134 314 4194 8)
330 4132 360 4183 D.
378 4131 408 4182 (λ’
423 4149 476 4198 cap.
495 4133 535 4183 52.
554 4133 591 4182 De
609 4135 637 4182 Β.
653 4133 683 4182 C.
701 4133 744 4181 1v.
763 4133 803 4182 30.
822 4135 863 4183 31.

288 4223 316 4290 4)
332 4222 391 4289 Cap.
412 4225 451 4275 52.
469 4223 506 4276 Da
524 4225 552 4274 B.
570 4224 599 4274 G.
619 4225 660 4273 lV.
677 4225 786 4274 ‘82-34.

292 4314 584 4380 &MRCNQ
