3424 5188
814 564 852 623 57

271 772 411 856 Apparet
431 773 531 856 igitur
552 790 628 835 eum
650 772 684 833 in
706 771 793 836 fonte
818 791 877 835 suo
900 772 1016 854 legisse
1035 770 1281 834 indutionarum
1302 790 1395 854 supe-

270 900 354 962 riore
383 917 467 961 anno
490 919 508 961 a
529 896 682 962 Romanis
704 917 774 962 esse
796 898 1005 962 interfectum.
1029 867 1142 980 ltaque
1164 897 1325 960 versimile
1348 901 1396 960 est

271 1043 346 1088 eum
380 1024 478 1088 libros
511 1023 653 1088 Caesaris
683 1024 877 1106 adhibuisse,
900 1025 1014 1107 quiin
1037 1024 1207 1106 superioris
1232 1024 1309 1086 anni
1330 1023 1395 1086 his-

270 1150 351 1212 toria
374 1149 586 1213 Indutiomari
609 1154 744 1214 mortem
766 1153 993 1212 commemorat
1017 1148 1056 1229 1),

315 1272 450 1356 Reliqua
479 1265 560 1357 quae
583 1272 644 1337 Dio
667 1275 701 1336 in
724 1273 785 1336 hoo
808 1275 908 1357 eapite
933 1275 963 1353 2)
988 1271 1132 1336 debello
1155 1291 1230 1335 oum
1251 1271 1395 1336 Treveris

271 1404 302 1464 et
336 1401 375 1466 de
408 1399 539 1464 Labieni
573 1402 706 1484 viatoria
738 1405 845 1463 narrat
880 1419 954 1463 oum
982 1398 1114 1463 Caesare
1138 1400 1168 1480 3)
1192 1399 1396 1462 consentiunt

270 1529 394 1609 praeter
416 1545 453 1588 ea
475 1545 557 1608 quae
577 1526 653 1588 dioit
673 1525 712 1589 de
732 1526 872 1589 oratione
892 1523 1023 1588 Labieni
1043 1524 1082 1586 ad
1102 1524 1264 1587 militesin
1278 1508 1395 1606 quibus

272 1651 407 1716 stultum
443 1670 581 1715 errorem
612 1652 778 1714 commisit.
801 1649 962 1715 Labienus
984 1669 1110 1733 operam
1134 1649 1236 1733 dabat,
1260 1655 1297 1713 ut
1322 1655 1395 1714 ante

273 1775 505 1840 Germanorum
528 1776 702 1839 adventum
715 1796 830 1841 manus
849 1795 925 1839 oum
944 1775 1087 1840 Treveris
1100 1775 1283 1858 confligeret
1295 1795 1396 1859 eaque

272 1902 310 1964 de
332 1921 430 1965 oausa
451 1902 598 1965 timorem
619 1901 788 1966 simulabat
807 1907 838 1965 et
858 1903 1032 1966 orationem
1051 1901 1164 1965 habuit
1180 1904 1214 1964 in
1227 1923 1292 1985 qua
1305 1902 1395 1984 dixit,

272 2031 414 2111 oportere
448 2025 609 2090 Romanos
633 2027 672 2090 ad
696 2025 861 2090 Caesarem
885 2028 988 2092 redire
1010 2029 1199 2111 priusquam
1224 2027 1395 2092 Gemrano-

271 2173 345 2216 rum
379 2152 500 2216 auxilia
528 2152 672 2217 Treveris
704 2153 918 2217 subvenirent.
950 2151 999 2217 De
1021 2153 1081 2216 hao
1104 2154 1244 2217 oratione
1267 2151 1328 2217 Dio
1352 2155 1395 2216 ita

273 2277 364 2341 dicit:
388 2275 590 2357 ἐδημηγόρησε
613 2276 709 2341 τοιάδε
732 2277 790 2358 ap’
816 2272 851 2340 ὧν
872 2276 938 2349 τούς
961 2301 994 2340 τε
1011 2276 1167 2357 σφετέρους
1191 2275 1395 2352 καταπλήξειν
1475 2341 1479 2350 ,

272 2401 323 2465 καὶ
357 2401 477 2474 ἐκείνους
512 2403 580 2485 (ubi
611 2402 726 2483 ἕπηρεῖν
759 2403 971 2487 supplendum
1003 2423 1073 2468 esse
1095 2405 1254 2486 existimo)
1278 2402 1394 2480 ἔμελλε.

272 2528 334 2592 Sed
367 2547 432 2592 non
462 2530 496 2591 in
520 2530 626 2592 animo
650 2528 785 2593 habebat
809 2545 885 2593 suos
907 2534 1080 2613 perterrere
1103 2535 1134 2593 et
1155 2530 1227 2594 ideo
1249 2531 1395 2595 tribunos

270 2653 409 2717 militum
443 2635 627 2737 primosque
660 2655 740 2738 pilos
771 2660 924 2718 convocat
947 2659 978 2718 et
1000 2656 1041 2719 iis
1061 2658 1218 2740 proponit,
1243 2658 1321 2741 quid
1344 2660 1395 2722 sui

272 2779 313 2842 sit
345 2777 470 2841 consilii
493 2779 533 2859 3),
566 2777 699 2842 fortasse
732 2775 808 2849 ὅπως
839 2778 883 2855 μη
914 2777 981 2850 τοὺς
1011 2776 1167 2860 σφετέρους
1198 2778 1393 2855 καταπλήξει.

271 2900 332 2964 Dio
356 2906 463 2965 autem
487 2903 619 2966 oratoris
640 2921 729 2966 more
752 2903 921 2986 modoque,
943 2903 1000 2967 ubi
1019 2904 1133 2984 ἕποιρεῖν
1152 2890 1394 2987 dixeratetiam

272 3027 467 3089 eontrarium
490 3025 593 3090 dicere
615 3027 717 3092 voluit
740 3047 841 3110 eaque
865 3028 903 3092 de
923 3049 1020 3093 eausa
1039 3030 1174 3094 stultum
1194 3028 1396 3104 καταπλήξειν

272 3151 399 3214 addidit

315 3275 355 3340 ln
378 3278 525 3359 sequenti
547 3279 648 3361 capite
672 3280 748 3362 (oap.
775 3281 827 3359 32)
850 3281 975 3364 rehqua
994 3287 1109 3364 namat,
1130 3302 1213 3365 quae
1232 3283 1293 3346 hoo
1311 3303 1395 3346 anno

270 3402 305 3464 in
338 3399 439 3464 Gallia
468 3401 551 3465 faeta
574 3408 657 3467 sunt.
681 3403 725 3469 Ut
745 3406 811 3488 jam
836 3425 932 3489 supra
957 3408 989 3488 4)
1013 3408 1154 3472 vidimus
1178 3410 1325 3492 opinatus
1348 3415 1396 3472 est
1425 3448 1426 3452 =

270 3525 490 3610 Ambiorigem
524 3529 559 3589 in
592 3527 653 3591 hoe
685 3528 768 3594 bello
798 3529 943 3594 Treveris
971 3531 1145 3615 praefuisse
1168 3538 1199 3598 et
1220 3535 1319 3617 igitur
1340 3555 1396 3598 ne-

271 3670 360 3716 eesse
389 3656 456 3714 erat
485 3671 557 3716 eum
591 3654 686 3716 etiam
716 3654 845 3718 affuisse
876 3657 1396 3741 proeho,inquolheve1ivioti

272 3781 356 3858 sunt,
391 3778 430 3841 de
461 3798 526 3861 qua
555 3798 590 3842 re
614 3779 698 3862 apud
721 3779 888 3845 Caesarem
910 3782 990 3844 nihil
1012 3783 1204 3847 invenimus.
1229 3783 1395 3849 Praeterea

272 3931 417 3942 ——-.

305 4024 588 4089 Dfflhstffiffi

304 4117 330 4179 2)
351 4115 410 4182 Cap.
431 4118 469 4166 31.

305 4207 331 4268 3)
350 4207 386 4255 De
405 4208 432 4256 Β.
452 4208 481 4257 G.
501 4207 542 4257 Vl.
554 4207 576 4266 7,
588 4209 610 4257 8.

304 4300 331 4362 4)
352 4299 410 4362 Peg.
431 4300 470 4350 to.
