3424 5188
765 563 804 624 31

226 822 227 826 ,
270 771 343 834 Non
366 774 472 835 statim
495 790 549 836 eos
571 777 757 855 persecutus
778 776 833 853 est,
854 773 881 834 si
900 770 997 834 Dioni
1008 772 1168 835 credimus
1180 773 1347 836 inscientia

226 897 378 978 locorum,
408 899 458 962 sin
482 903 588 962 autem
613 895 738 960 Caesari
763 898 792 977 1)
814 895 911 960 fidem
932 897 1087 960 habemus
1110 897 1243 960 insidias
1265 900 1347 961 veri-

224 1025 287 1103 tus,
318 1023 412 1104 quod,
443 1042 507 1105 qua
536 1022 576 1084 de
606 1041 704 1085 causa
733 1021 938 1102 discederent,
965 1022 1109 1106 nondum
1135 1026 1347 1105 perspexerat.

226 1145 288 1209 Sed
318 1112 421 1228 prima
436 1148 521 1210 ‘luce
552 1147 725 1229 equitatem
747 1147 919 1229 praemisit,
940 1146 1082 1229 legiones
1105 1145 1260 1228 subsequi
1279 1147 1348 1228 jus-

226 1273 276 1354 sit,
309 1273 501 1335 novissimos
534 1273 664 1334 adortus
698 1277 746 1335 est
778 1276 809 1334 et
842 1291 996 1355 magnum
1030 1291 1140 1335 eorum
1174 1290 1346 1335 numerum

226 1395 382 1459 interiecit
405 1397 444 1476 2).
468 1394 531 1458 Sed
553 1396 633 1458 nihil
654 1397 838 1459 invenimus
858 1396 942 1479 apud
963 1394 1129 1459 Caesarem
1148 1395 1186 1458 de
1199 1396 1347 1479 opinione

227 1523 341 1587 Dionis
373 1522 488 1606 Belgas
518 1541 556 1586 ea
586 1522 625 1585 de
655 1541 752 1586 causa
783 1523 971 1604 constitisse,
1001 1522 1087 1605 quod
1113 1521 1348 1584 arbitrabantur

227 1647 288 1712 sibi
311 1667 384 1710 cum
410 1647 476 1711 solo
500 1648 644 1730 equitatu
665 1665 733 1710 rem
756 1665 834 1728 esse,
856 1666 961 1730 neque
981 1647 1167 1710 circumdati
1187 1650 1264 1710 sunt
1282 1651 1347 1709 toto

225 1772 370 1836 Caesaris
394 1773 537 1835 exercitu
560 1773 616 1836 sed
638 1771 741 1836 tribus
763 1771 951 1856 legionibus,
974 1771 1092 1854 quibus
1113 1770 1146 1832 Τ.
1169 1769 1346 1834 Labienum

108 1973 110 1980 Α
226 1897 418 1981 praefecerat
443 1898 482 1977 3).
506 1895 619 1979 Neque
638 1916 750 1960 verum
771 1901 827 1978 est,
848 1897 934 1979 quod
952 1895 1014 1960 Dio
1025 1896 1348 1980 perhibetplerosque

227 2018 400 2105 Belgarum
430 2041 500 2085 esse
530 2040 638 2086 caesos
668 2022 873 2105 reliquosque
905 2023 941 2084 in
975 2021 1167 2084 deditionem
1195 2025 1348 2104 acceptos,

224 2148 284 2212 sed
305 2147 441 2210 Romani
463 2151 583 2216 tantam
607 2166 715 2210 eorum
737 2146 976 2210 multitudinem
994 2146 1229 2228 interfecerunt,
1248 2167 1348 2229 quan-

227 2276 298 2335 tum
320 2271 382 2335 fuit
406 2271 467 2334 dici
488 2273 636 2355 spatium,
656 2271 716 2336 sub
736 2289 947 2354 occasumque
960 2272 1036 2334 solis
1049 2271 1238 2334 destiterunt
1251 2289 1348 2353 seque

227 2398 263 2459 in
291 2402 401 2478 castre,
431 2402 469 2460 ut
501 2402 567 2460 erat
595 2399 795 2481 imperatum,
816 2402 1003 2480 receperunt
1026 2398 1066 2478 4).
1089 2395 1278 2459 Incredibile
1302 2401 1349 2459 est

231 2520 395 2586 Caesarem
428 2523 578 2604 maiorem
612 2527 787 2605 reportasse
817 2505 981 2585 victoriam
1013 2541 1110 2604 quam
1139 2523 1207 2603 ipse
1234 2524 1348 2583 narrat

231 2645 320 2722 Quod
352 2645 413 2709 Dio
443 2648 478 2709 in
509 2646 573 2710 fine
602 2648 713 2730 capitis
744 2645 877 2710 secundi
907 2647 982 2709 dicit
1013 2644 1179 2710 Caesarem
1201 2645 1349 2729 deinceps

227 2773 363 2834 istarum
386 2773 531 2854 gentium
552 2771 630 2835 alias
653 2775 722 2836 sine
743 2771 861 2856 proelio
885 2773 962 2836 alies
981 2771 1063 2836 bello
1084 2772 1145 2836 sibi
1164 2772 1350 2854 adjunxisse

229 2917 248 2960 a
270 2895 403 2960 Caesare
423 2898 493 2980 ipso
517 2897 646 2981 longius
668 2902 699 2961 et
722 2898 902 2961 accuratius
925 2896 1115 2962 describitur
1135 2898 1173 2978 5).
1194 2897 1234 2960 In
1251 2899 1351 2981 capite
1436 2873 1440 2882 ’

229 3023 320 3084 tertio
350 3020 412 3084 Dio
444 3022 508 3104 agit
539 3021 578 3085 de
606 3021 689 3084 bello
720 3041 795 3085 oum
817 3020 951 3085 Nerviis.
976 3020 1070 3097 Quod
1093 3022 1169 3084 dicit
1190 3040 1244 3084 eos
1266 3022 1350 3084 ultro

225 3145 331 3229 planis
362 3145 440 3209 locis
472 3145 596 3209 Caesari
628 3147 762 3210 cessisse
794 3165 812 3208 a
840 3144 972 3209 Caesare
994 3148 1063 3229 ipso
1087 3145 1271 3228 affirmatur,
1294 3147 1351 3228 qui

228 3271 324 3334 tradit
346 3275 433 3334 trans
457 3269 578 3335 flumen
601 3270 707 3334 Sabim
733 3289 786 3335 eos
806 3272 986 3336 consedisse
1006 3271 1046 3354 6),
1065 3271 1120 3335 sed
1140 3291 1237 3335 causa
1252 3272 1351 3353 hujus

228 3397 276 3459 rei
305 3415 323 3458 a
344 3393 448 3459 Dione
471 3396 510 3459 de
531 3414 620 3459 more
641 3395 715 3458 ficta
736 3401 791 3460 est.
814 3395 947 3459 Minime
970 3397 1056 3459 enim
1078 3394 1189 3458 Nervii
1212 3397 1350 3479 impares

229 3520 270 3585 ad
300 3519 361 3602 (οὐκ
382 3515 556 3601 ἀξιόμαχοι)
578 3540 720 3604 pugnam
741 3519 873 3584 fuerunt
895 3526 932 3584 ut
955 3541 1032 3584 mox
1055 3520 1271 3601 ostenderunt,
1294 3520 1350 3583 sed

264 3839 543 3904 umanum

264 3930 896 3995 aucrmmamuuauun

264 4021 547 4087 amanum

263 4111 549 4177 quaeum

266 4203 614 4268 qmneunmu

265 4295 606 4359 erundum.¹
