3424 5188
876 518 917 576 42

336 742 410 786 aum
424 728 691 807 contempserunt
714 744 754 788 na
772 725 816 788 ita
839 719 968 806 quidem
992 723 1152 804 eiffecissa
1174 727 1211 785 ut
1229 743 1361 786 manum
1381 743 1454 786 ocn-

337 867 440 912 serere
470 849 597 930 vellent
629 851 769 931 eumque
799 850 926 912 tandem
950 851 1136 932 necopinato
1160 867 1213 912 eos
1237 868 1307 912 esse
1330 868 1455 932 aggres-

337 994 418 1037 sum.
446 973 559 1056 Neque
582 974 621 1037 de
643 979 733 1037 metu
756 975 904 1037 simulato
928 973 1033 1038 Crassi
1054 993 1159 1056 neque
1183 974 1221 1037 de
1245 993 1281 1037 ea
1303 992 1345 1055 re,
1370 974 1455 1056 quod

335 1099 521 1180 necopinato
544 1117 597 1161 eos
620 1118 790 1182 aggressus
814 1104 862 1162 est
886 1097 1000 1162 Caesar
1022 1100 1216 1162 mentionem
1238 1096 1320 1178 facit,
1344 1098 1456 1162 sedita

337 1221 375 1285 de
406 1223 496 1284 initio
527 1242 654 1305 pugnae
679 1222 754 1286 dicit
778 1224 824 1302 1);
853 1271 868 1302 „
882 1221 974 1298 Quod
998 1222 1054 1287 ubi
1078 1220 1211 1286 Crassus
1235 1222 1456 1286 animadvertit

338 1347 402 1426 (ecs
436 1348 539 1430 magis
573 1351 639 1410 arte
668 1347 797 1410 militari
828 1367 925 1430 quam
958 1354 1076 1411 temere
1105 1347 1226 1410 bellum
1248 1349 1366 1430 gerere)
1389 1366 1456 1409 non

337 1472 552 1535 cunctandum
584 1473 786 1553 existimavit,
819 1475 898 1555 quin
927 1493 1036 1555 pugna
1066 1473 1255 1536 decertaret.
1269 1522 1275 1534 .
1289 1521 1315 1534 ..
1347 1473 1456 1536 cohor-

337 1601 422 1660 tatus
445 1616 521 1660 sucs
541 1596 691 1660 omnibus
711 1596 913 1691 cupientibus
933 1598 972 1661 ad
991 1598 1130 1661 hostium
1151 1599 1455 1663 castraccntendit.’'

338 1720 400 1785 Sed
429 1721 561 1785 fortasse
584 1726 705 1784 metum
731 1720 836 1784 Crassi
857 1719 918 1784 Dic
942 1722 1050 1786 hausit
1071 1742 1112 1786 ex
1135 1741 1283 1805 perversa
1305 1725 1456 1806 interpre-

338 1849 457 1910 tatione
478 1846 648 1910 verborum
673 1845 831 1909 Caesaris:
859 1845 1029 1928 „Crassus
1052 1867 1150 1929 quum
1176 1867 1235 1910 sua
1257 1850 1457 1912 armetatione

339 1977 435 2054 atque
465 1973 613 2054 opinione
644 1973 766 2034 timoris
797 1972 904 2036 hostes
934 1977 1059 2035 nostros
1087 1973 1204 2036 milites
1228 1973 1394 2037 alacriores
1418 1975 1456 2036 ad

338 2098 548 2182 pugnandum
572 2077 748 2162 effecissent
770 2097 847 2160 etc.’'
873 2100 903 2179 2)
927 2104 1022 2181 atque
1045 2101 1192 2181 opinatus
1211 2105 1259 2162 est
1277 2099 1457 2182 Aquitanos

339 2229 540 2288 contemnere
573 2222 734 2286 Romanos
767 2229 931 2307 propterea
962 2226 1047 2308 quod
1079 2225 1193 2289 Caesar
1222 2227 1253 2307 3)
1284 2226 1374 2289 dicit:
1398 2225 1458 2307 illi,

340 2351 399 2413 etsi
428 2354 556 2432 propter
585 2349 823 2412 multitudinem
853 2354 885 2412 et
906 2354 1045 2414 vetarem
1067 2349 1142 2413 belli
1164 2351 1296 2433 gloriam
1319 2353 1458 2434 paucita-

340 2481 468 2557 temque
499 2479 681 2538 ncstrorum
714 2493 748 2538 se
778 2479 846 2537 tuto
871 2475 1075 2538 dimicaturos
1098 2474 1331 2556 existimabant,
1353 2480 1459 2538 tamen

344 2599 422 2664 etc.’'
456 2600 550 2664 Unde
585 2605 691 2664 tamen
721 2601 893 2683 sumpserit
924 2599 1074 2663 Crassum
1103 2601 1290 2683 necopinato
1313 2619 1366 2664 eos
1387 2573 1459 2664 ¹asse

341 2745 528 2809 aggressum
564 2745 628 2787 non
659 2725 760 2789 video.
792 2724 863 2807 Cap.
896 2725 937 2786 47
971 2730 1001 2788 et
1031 2725 1073 2786 48
1097 2730 1196 2808 agunt
1218 2723 1257 2788 de
1280 2723 1361 2787 bello
1385 2744 1459 2787 cum

340 2851 481 2935 Usipetis
516 2857 547 2915 et
579 2850 746 2915 Tencteris.
781 2850 924 2914 Tencteri
958 2856 989 2914 et
1022 2849 1145 2933 Usipeti
1179 2852 1293 2932 partim
1325 2851 1410 2933 quod
1442 2872 1460 2913 a

342 2977 456 3040 Suavis
490 2978 594 3041 exacti
627 2978 659 3056 4)
693 2978 807 3059 partim
840 2975 925 3058 quod
955 2997 973 3039 a
1005 2975 1103 3038 Gallis
1134 2977 1276 3039 arcessiti
1308 2981 1395 3038 erant
1421 2977 1460 3056 5),

340 3100 490 3165 Rhenum
524 3103 704 3183 trajicerent
735 3101 765 3182 6)
797 3105 828 3165 et
858 3103 892 3162 in
921 3099 1002 3164 fines
1034 3100 1243 3163 Treverorum
1278 3099 1325 3178 (ut
1347 3097 1461 3162 Caesar

343 3223 434 3290 dicit:
458 3227 623 3290 clientium
645 3226 865 3306 Treverorum)
884 3230 1100 3309 pervenerant.
1120 3224 1170 3287 Ibi
1190 3223 1355 3288 Caesarem
1373 3225 1460 3286 inve

342 3357 460 3417 nerunt
482 3358 513 3416 et
540 3353 660 3436 legatos
683 3353 723 3415 ad
747 3372 820 3416 eum
845 3354 1011 3432 miserunt,
1034 3353 1091 3434 qui
1113 3352 1273 3434 petierunt
1294 3349 1345 3412 vel
1369 3368 1460 3432 agros

343 3477 403 3542 sibi
423 3477 552 3541 attribui
572 3478 621 3541 vel
642 3478 781 3560 concedi,
799 3484 837 3541 ut
856 3482 999 3542 tenerent
1011 3496 1091 3560 quos
1104 3478 1200 3540 armis
1211 3475 1409 3559 possederint
1423 3475 1460 3554 7).

340 3619 488 3630 -ο

377 3698 768 3760 DQRQNJAMWt

376 3789 671 3854 DMRQMQ.

376 3880 653 3942 ffifflRffNt

374 3972 650 4037 affluam&

377 4063 649 4124 fflfflRstNt

376 4154 651 4217 mfflssufflt

377 4244 651 4306 umaefflt
