3424 5188
802 498 805 504 ’
882 503 900 576 6.

331 712 481 793 temporis
514 711 722 794 scriptoribus¹
751 731 792 774 ex
822 711 911 774 libris
940 712 1046 774 Asinii
1068 712 1217 774 Pollionii
1240 713 1452 795 proferuntur,

330 835 370 897 ad
393 835 475 898 bella
497 835 602 898 civilia
624 837 808 918 pertineant.
833 835 965 900 Minime
988 835 1091 900 obstat
1114 837 1309 900 versiculum
1327 837 1453 900 Horatii

333 961 433 1024 Carm.
456 961 524 1024 lib.
547 961 588 1024 Π.
615 963 650 1024 1;

554 1135 679 1200 Motum
703 1155 744 1200 ex
767 1135 893 1200 Metello
917 1137 1048 1201 consule
1072 1139 1209 1202 civicum

554 1262 700 1346 Bellique
724 1283 837 1326 causas
860 1269 891 1327 01
913 1265 990 1326 vitia
1013 1269 1044 1327 01
1066 1265 1177 1328 modos

558 1387 751 1470 Ludumque
774 1388 929 1469 fortunae,
951 1389 1122 1472 gravisque

557 1514 743 1596 Principum
767 1480 921 1577 amicitias
945 1519 975 1578 et
998 1534 1085 1578 arma

559 1639 712 1702 Nondum
736 1641 870 1722 expiatis
894 1641 992 1703 tincta
1015 1640 1191 1721 cruoribus

558 1763 760 1828 Periculosae
783 1765 914 1848 plenum
939 1785 1019 1849 opus
1042 1766 1136 1847 aleae,

558 1889 684 1954 Tractus
709 1896 739 1953 et
761 1891 882 1954 incedis
905 1909 961 1973 per
982 1893 1073 1974 ignes

560 2015 747 2099 Suppositos
771 2017 868 2079 cineri
892 2016 1008 2078 doloso.

385 2189 529 2253 Fuerunt
560 2191 645 2254 enim
671 2196 733 2254 tros
758 2192 888 2253 omnino
910 2191 964 2253 illo
988 2195 1128 2274 tempore
1152 2189 1270 2255 Metelli
1294 2193 1457 2256 consules:

342 2315 376 2391 Q.
403 2315 557 2379 Caecilius
582 2315 729 2380 Metellus
754 2316 843 2379 Celer
865 2336 948 2378 0000
973 2317 1014 2378 60
1038 2337 1063 2379 a.
1088 2315 1157 2379 Chr.
1181 2336 1220 2398 m,
1245 2314 1279 2390 Q.
1304 2315 1459 2380 Caecilius

340 2443 487 2507 Metellus
517 2441 624 2525 Nepos
647 2462 730 2505 anno
757 2443 796 2504 57
822 2463 847 2505 0.
871 2441 940 2504 Chr.
965 2463 995 2504 n.
1020 2447 1051 2505 et
1074 2440 1109 2516 Q.
1134 2441 1289 2505 Caecilius
1313 2441 1460 2504 Metellus
1583 2420 1585 2425 ¹
1685 2455 1703 2523 ',

339 2568 419 2632 Pius
451 2567 564 2651 Scipio,
597 2569 651 2650 qui
682 2569 854 2650 posteriore
884 2567 1071 2650 parteanni
1096 2568 1145 2628 52.
1169 2586 1194 2628 a.
1220 2565 1289 2628 Chr.
1313 2586 1343 2627 n.
1367 2566 1461 2629 Pom-

340 2696 402 2780 peji
425 2695 544 2778 collega
567 2696 601 2757 in
624 2694 793 2757 consulatu
815 2694 883 2757 fuit.
907 2693 958 2756 Ex
978 2693 1104 2756 Horatii
1123 2691 1228 2756 verbis
1250 2697 1377 2775 apparet
1389 2691 1461 2755 Pol-

340 2822 458 2885 lionem
491 2821 655 2903 scripsisse
686 2819 724 2882 de
755 2819 837 2882 bello
868 2819 954 2881 civili
985 2819 1023 2882 de
1047 2820 1180 2902 ejusque
1203 2821 1326 2898 causis;
1351 2838 1462 2902 percp-

340 2950 477 3029 portune
496 2947 594 3028 igitur
613 2946 742 3008 initium
762 2945 863 3008 facere
883 2946 1119 3027 potuitatertio
1132 2945 1299 3008 consulatu
1311 2944 1463 3028 Pompeji‚

342 3093 360 3134 a
393 3091 456 3154 quo
487 3072 615 3136 initium
639 3071 700 3134 fuit
723 3071 897 3160 discordiae
920 3073 1003 3135 inter
1025 3070 1189 3135 Caesarem
1214 3077 1244 3134 et
1266 3069 1463 3154 Pompejum.

343 3196 404 3259 Sed
438 3201 475 3259 ut
508 3196 635 3258 videtur
668 3216 709 3259 00
739 3196 799 3258 hoo
831 3196 960 3279 quidem
993 3202 1118 3278 tempus
1141 3200 1242 3258 totum
1266 3197 1300 3256 in
1324 3196 1463 3259 historiis

343 3321 516 3402 descripsit,
549 3323 575 3384 si
605 3340 717 3384 verum
749 3327 797 3384 est
828 3321 913 3404 quod
936 3321 1065 3402 Wynne
1091 3322 1119 3401 1)
1145 3323 1325 3404 suspicatur
1347 3321 1465 3404 Appia-

342 3467 421 3509 num
452 3448 485 3508 10
516 3447 647 3510 historia
678 3447 833 3509 bellorum
857 3446 1000 3509 civilium
1023 3447 1174 3509 Asinium
1197 3445 1374 3510 Pollionem
1397 3466 1465 3510 0000

344 3577 498 3635 secutum.
530 3571 664 3654 Egregie
695 3572 862 3655 Appianus
890 3572 954 3654 agit
985 3571 1024 3634 de
1053 3571 1136 3634 bello
1167 3570 1349 3634 Pharsalico
1373 3577 1404 3634 01
1427 3571 1466 3634 de

344 3696 491 3761 Curionis
522 3697 722 3780 expeditione
752 3698 787 3758 iu
809 3696 959 3778 Africam,
982 3703 1019 3760 ut
1042 3697 1133 3760 facile
1156 3685 1368 3760 concedamus
1391 3716 1466 3760 eum

346 3825 381 3884 in
403 3823 489 3885 hisce
511 3822 603 3886 bellis
625 3822 839 3892 describendis
863 3820 1017 3884 Pollionis
1036 3822 1176 3884 historiis
1196 3839 1266 3884 0000
1285 3841 1392 3903 usum,
1412 3821 1467 3884 sed

344 3956 409 4011 tam
443 3948 539 4011 stulte
574 3953 605 4011 et
634 3950 739 4030 inepte
769 3952 875 4011 narrat
906 3967 951 4029 ea,
984 3967 1064 4030 quae
1093 3949 1127 4009 in
1151 3946 1306 4030 Hispania
1326 3948 1360 4008 in
1384 3946 1466 4010 bello

345 4125 491 4135 -ι

384 4246 408 4306 1)
430 4244 486 4302 „De
506 4244 551 4291 lide
569 4249 593 4291 01
613 4245 758 4292 auctoritate
777 4245 910 4308 Appiani,''
923 4245 1062 4306 Grouiugue
1082 4244 1145 4292 1855
1166 4259 1220 4307 pag.
1240 4243 1279 4292 31.
