3424 5188
751 565 791 625 27

213 777 313 842 Marte
337 797 406 841 esse
427 782 606 861 pugnatum
625 782 681 839 aut
700 775 867 840 confitetur
886 793 919 837 se
939 791 1058 856 paucos
1078 792 1095 835 e
1113 775 1336 840 suisamisisse

214 905 301 968 hisce
324 903 473 970 omnibus
495 905 573 967 locis
594 901 655 965 Dio
677 900 906 986 propemodum
931 916 1056 984 semper
1074 903 1105 961 et
1124 899 1245 981 ubique
1262 919 1336 962 con-

213 1029 323 1111 tendit
344 1029 505 1092 Romanos
529 1048 598 1092 esse
621 1029 722 1090 victos
745 1032 801 1091 aut
822 1027 996 1110 permultos
1016 1046 1058 1090 ex
1077 1028 1117 1090 iis
1138 1045 1335 1096 caesosesse.

215 1152 298 1229 Quia
319 1154 380 1216 hoc
402 1154 472 1216 loco
495 1151 610 1216 Caesar
632 1172 697 1215 non
720 1151 795 1214 dicit
819 1170 853 1214 se
875 1151 990 1214 vicisse
1010 1153 1189 1233 equitatum
1208 1149 1337 1213 Germa·

213 1299 330 1342 norum
355 1277 452 1342 Dioni
475 1282 598 1341 constat
622 1276 764 1340 Caesaris
785 1277 963 1359 equitatum
983 1294 1052 1339 esse
1071 1277 1191 1338 victum
1213 1279 1244 1338 et
1263 1277 1339 1357 quia

216 1403 331 1468 Caesar
349 1408 456 1467 nerrat
474 1403 674 1466 Ariovistum
693 1401 842 1464 multis
865 1405 904 1464 et
925 1400 1066 1464 illatis
1089 1406 1127 1464 et
1149 1401 1339 1483 acceptis

216 1527 472 1592 vulneribus
502 1529 536 1590 in
568 1532 670 1590 castra
692 1545 761 1590 asse
783 1545 947 1590 reversum
970 1546 1100 1591 necesse
1122 1546 1191 1591 esse
1212 1527 1340 1590 videtur

217 1671 291 1716 eum
313 1657 490 1735 reportasse
512 1652 685 1733 victoriam,
708 1671 904 1733 quamquam
927 1670 968 1714 ne
988 1649 1049 1714 Dio
1070 1651 1200 1740 quidem
1219 1651 1339 1734 aliquid

217 1777 354 1860 amplius
376 1775 532 1840 affirmare
554 1781 666 1859 potest,
689 1796 785 1858 quam
807 1776 881 1838 hoc:
907 1795 983 1840 eum
1004 1779 1106 1859 primo
1125 1778 1249 1880 impetu
1268 1796 1340 1860 pro-

216 1903 388 1985 pemodum
411 1903 532 1965 vallum
553 1901 771 1966 Romanorum
790 1904 919 1986 cepisse.
938 1903 1056 1968 Tamen
1077 1903 1340 1986 exsequentibus

219 2029 295 2092 satis
327 2033 455 2111 apparet
486 2029 525 2092 de
547 2028 702 2091 Ariovisti
724 2030 857 2092 victoria
879 2031 1033 2112 cogitasse
1056 2027 1201 2110 Dionem,
1225 2031 1341 2113 quippe

219 2155 276 2236 qui
310 2153 386 2216 dicit
421 2171 494 2216 eum
534 2154 667 2216 victoria
706 2153 824 2217 elatum
854 2156 1011 2236 sprevisse
1041 2155 1281 2218 vaticinationes
1312 2159 1343 2217 et

221 2278 419 2341 commisisse
452 2277 617 2360 proelium.
651 2276 760 2359 Hujus
794 2279 841 2341 rei
874 2296 1004 2341 causam
1038 2278 1120 2341 infra
1153 2277 1342 2360 videbimus,
1383 2271 1389 2280 '

220 2422 309 2465 nuno
329 2402 423 2465 modo
446 2402 507 2464 hoc
530 2421 597 2484 ag0,
625 2407 660 2464 ut
679 2401 843 2465 ostendam
863 2403 1020 2484 ejusmodi
1036 2403 1123 2466 looos
1135 2403 1342 2466 nondemon-

222 2532 320 2590 strare
342 2526 480 2590 Dionem
502 2527 601 2590 alium
625 2526 808 2590 adhibuisse
832 2529 1026 2612 scriptorem,
1045 2529 1101 2591 sed
1120 2528 1220 2591 multo
1241 2530 1343 2612 magis

222 2673 294 2717 eum
317 2655 404 2737 ipsos
428 2654 671 2717 commentarios
694 2672 764 2716 esse
787 2659 942 2717 secutum.

266 2778 418 2861 Sequitur
448 2779 533 2862 apud
562 2777 698 2842 Dionem
724 2779 753 2859 1)
783 2799 937 2862 magnum
964 2779 1122 2861 proelium
1144 2781 1228 2842 inter
1251 2778 1344 2841 Ario-

221 2907 342 2969 vistum
364 2908 395 2968 et
419 2903 592 2984 Caesarem,
616 2905 671 2967 sed
693 2905 727 2966 in
746 2904 807 2966 hoc
827 2905 946 2987 proelio
967 2904 1172 2968 describendo
1186 2909 1248 2967 tam
1262 2905 1345 2967 mul-

222 3035 272 3094 tos
303 3049 425 3093 errores
456 3021 615 3094 commisit
645 3034 675 3093 et
707 3031 752 3092 sic
782 3034 915 3094 naturae
939 3035 970 3093 et
992 3032 1121 3114 ingenio
1144 3030 1286 3112 indulsit,
1309 3035 1347 3093 ut

220 3157 299 3220 haec
331 3155 433 3238 capita
462 3156 519 3216 rix
549 3155 724 3236 comparari
754 3155 879 3236 possint
902 3174 975 3218 curn
998 3156 1039 3218 iis
1063 3175 1145 3237 quae
1158 3153 1283 3219 'Caesar
1306 3155 1345 3218 de

224 3280 335 3344 eodem
367 3279 485 3362 proelio
518 3280 548 3359 2)
580 3280 712 3362 scripsit.
745 3277 819 3341 Jam
852 3281 957 3343 statim
987 3281 1022 3341 in
1052 3281 1143 3343 initio
1168 3281 1279 3364 capitis
1302 3281 1346 3343 49

224 3405 299 3468 dicit
332 3404 493 3468 Romanos
529 3404 670 3467 celeriter
703 3405 824 3487 impetu
856 3404 938 3467 facto
971 3424 1037 3467 non
1068 3425 1179 3488 passos
1210 3425 1288 3487 esse,
1310 3411 1347 3470 ut

225 3529 374 3593 Germani
406 3529 532 3592 ordines
562 3531 765 3610 instruerent
794 3528 849 3592 sed
884 3530 1091 3593 antevertisse
1120 3530 1347 3611 joculationem

225 3672 336 3717 eorum
359 3658 475 3717 ettam
500 3653 642 3718 celeriter
664 3655 869 3737 procurrisse,
890 3659 928 3716 ut
952 3653 1101 3716 Germani
1121 3673 1227 3737 neque
1246 3657 1347 3720 contis

225 3796 330 3860 neque
358 3777 472 3860 gladiis
501 3776 699 3861 longioribus
722 3779 771 3840 uti
792 3783 931 3860 possent,
955 3798 1057 3861 quum
1082 3777 1196 3842 Caesar
1220 3781 1250 3859 3)
1274 3798 1348 3842 con-

260 4123 286 4187 l)
302 4121 361 4187 Cap.
379 4125 412 4171 49
430 4127 455 4171 et
473 4124 513 4172 50.

260 4212 624 4279 QfflRstlfflmffi

260 4305 532 4372 &MRQLQ
